2909 5050
7 143 14 175 ἰ

8 309 10 332 ἰ
817 277 822 280 <
918 247 995 300 IN
1035 245 1164 300 OV.
1203 246 1377 302 ΗΕΒ.
1413 245 1580 302 xm.
1858 237 1862 242 ’
2336 244 2440 315 Ι79

8 337 10 376 1
55 408 173 459 Luc.
202 403 271 454 Τ.
307 419 351 452 1.
392 419 450 472 p.
484 399 605 466 411.
636 409 874 470 praeter
904 396 1051 450 alios
1084 397 1283 484 legpnt
1308 395 1574 468 Dusparn'.
1642 398 1842 454 Vertit
1869 399 2016 452 enim
2047 401 2290 456 Ovidius
2323 407 2441 458 Ho-

6 499 8 502 ⁴
54 487 263 528 merum
336 470 402 522 Ῑ1.
438 489 491 537 γ,
526 469 611 536 39.
684 469 952 531 Δύςπαρι,
989 465 1128 523 εἶδος
1166 483 1363 536 aptore,
1402 470 1727 534 γυναιμανὲς,
1767 466 2111 538 ἧπεροπευτά.
2167 469 2462 542 ,Βιιεραηζςἱ

57 541 246 596 eodem
306 539 487 591 modo
546 537 796 602 dicitur,
876 551 997 607 quo
1048 533 1578 606 Pseudophilippus,
1656 535 2234 612 Pseudodamasippus
2284 540 2444 614 apud.

5 635 10 686 ἐ
58 610 743 743 ΟΙὲῗ.ΘίῘ5ῗιιοῖ’ᾗεηατίαρ],
788 633 843 725 li.
872 690 923 727 e.
954 673 1226 729 Helenae.
1296 693 1349 728 v.
1387 671 1460 725 ad
1490 673 1598 744 Ep.
1623 673 1691 736 8,
1727 691 1811 742 7²·
1837 677 1848 686 ’

109 749 177 800 V.
210 752 300 802 50.
370 744 579 815 Iupiter
606 741 783 793 redux
818 741 1031 794 (licitur
1056 741 1514 823 reducensmqui
1542 742 1811 796 maritum
1845 743 2096 800 reduxit.
2160 745 2302 800 Sal).
2335 746 2442 818 Ep.

61 839 99 879 ι,
128 818 209 881 78.
282 813 423 864 Jam
450 812 634 863 reduci
658 813 868 862 solvens
898 809 1078 860 debita
1114 821 1237 860 vota
1268 808 1418 866 ’.Ῑοοι.
1468 808 1744 869 χ1111011101,
1777 813 1846 877 8,
1895 817 1972 869 15.
2047 813 2240 866 Omnis
2275 823 2325 865 et
2372 811 2452 864 ad
2507 864 2516 873 ,

5 887 8 940 ¹,
57 885 286 938 reducem
319 883 449 934 dum
486 882 731 934 litatum
758 877 971 932 Jooem.
1042 879 1134 933 Sic
1176 880 1232 932 in
1261 880 1508 940 nummis
1545 892 1603 934 et
1647 879 1889 934 literatis
1923 885 2070 938 saxis
2113 883 2450 938 celebratur

6 943 8 1012 3
59 953 293 1006 Fortuna
329 951 531 1016 redux,
568 967 720 1022 quae
750 948 1011 1001 homines
1058 967 1091 1003 e
1140 949 1300 1002 bello
1332 959 1431 1003 aut
1475 949 1786 1022 longinqua
1825 954 2299 1026 peregrinatione
2345 970 2442 1006 re-

6 1021 8 1028 '
60 1021 317 1077 (lucebat.
348 1041 403 1076 V.
442 1022 685 1076 Gesner.
720 1019 794 1071 ad
834 1015 1035 1072 Claud.
1070 1016 1143 1072 de
1169 1019 1269 1073 VI.
1294 1019 1466 1072 Cons.
1497 1020 1720 1080 Honor.
1761 1037 1806 1073 1.
1851 1023 1853 1025 ’
2091 1075 2096 1081 ,

113 1091 220 1143 Det
260 1108 417 1142 arma
460 1086 612 1158 Jovi]
684 1087 933 1142 Veteres
978 1098 1196 1148 artem,
1224 1133 1235 1150 ,
1292 1105 1419 1140 uam
1447 1085 1782 1152 factabant‚
1823 1087 2172 1151 desinentes.
2201 1091 2328 1158 ejus
2359 1091 2445 1144 111-

59 1171 363 1215 strumenta
396 1158 517 1212 Diis
548 1155 907 1210 dedicabant.
980 1157 1055 1208 Et
1094 1155 1175 1208 sic
1196 1105 1442 1221 milites,
1495 1156 1767 1210 confecto
1814 1157 2011 1219 helle,
2057 1177 2208 1232 quae
2255 1177 2446 1231 gesse-
2536 1219 2542 1228 Ι

5 1111 8 1136 1

5 1217 8 1308 3
59 1241 172 1287 rant
198 1247 361 1282 arma
381 1263 395 1288 ‚
436 1228 493 1280 in
522 1225 753 1298 templis
782 1223 1235 1296 suspendebant.
1287 1225 1462 1280 Trist.
1503 1231 1557 1288 4,
1590 1225 1644 1286 8,
1673 1242 1755 1278 21.
1794 1223 1970 1292 mles,
1999 1233 2058 1277 ut
2085 1229 2316 1278 emeritis
2334 1246 2446 1278 non

59 1307 120 1350 est
142 1297 274 1348 satis
318 1296 468 1346 utilis
496 1294 681 1354 annis,
720 1291 892 1342 Ponit
922 1293 999 1344 ad
1034 1293 1318 1364 antiquos,
1358 1312 1496 1365 quae
1523 1293 1680 1359 tulit,
1709 1310 1868 1344 arma
1897 1293 2084 1351 Lares.
2133 1315 2187 1358 Y.
2221 1297 2442 1352 Lucan.

64 1388 101 1432 1,
136 1369 252 1432 240-
288 1375 345 1418 et
371 1365 473 1418 Sil.
503 1364 631 1419 Ital.
664 1381 742 1423 10.
780 1366 909 1418 600.»
2103 1368 2107 1372 ‘

114 1437 181 1489 V.
220 1436 307 1490 51.
387 1431 610 1502 Quoties
653 1431 795 1482 subit
832 1423 1059 1500 bellum]
1128 1432 1185 1486 h.
1232 1449 1277 1488 e.
1366 1430 1553 1484 110ῐίοε
1593 1429 1822 1484 memini
1857 1431 2042 1498 belli,
2093 1431 2154 1486 in
2191 1446 2440 1489 mentem

58 1504 196 1558 venit
225 1501 397 1557 belli.
464 1503 625 1574 Virg.
651 1501 795 1556 Aen.
838 1516 887 1565 2,
932 1501 1050 1554 562.
1118 1499 1280 1550 subiit
1354 1508 1522 1550 eserta
1561 1499 1780 1554 Creusa.
1851 1501 2132 1556 Usitatius
2177 1513 2265 1558 est
2297 1503 2442 1554 subit

60 1593 127 1623 me
161 1572 256 1624 vel
293 1571 541 1620 animum
575 1589 772 1622 meum.
810 1589 859 1621 v.
899 1570 1096 1622 Burm.
1136 1568 1211 1622 ad
1242 1571 1351 1642 Ep.
1387 1575 1472 1635 18,
1511 1569 1594 1622 62.

64 1643 74 1652 ”
113 1643 183 1693 V.
222 1641 310 1696 55.
383 1636 505 1690 Nisi
528 1651 581 1689 s‘e
610 1637 890 1706 defendere
912 1635 1113 1709 posset]
1182 1639 1363 1694 Recte
1387 1639 1586 1692 Burm.
1613 1637 1750 1710 legit
1776 1637 1880 1688 nisi
1913 1639 1974 1692 si.
2051 1639 2436 1714 subintellige

5 1703 8 1762 3
58 1708 333 1765 Helenam.
374 1729 424 1761 v.
456 1721 576 1771 not.
614 1708 687 1760 ad
730 1709 837 1779 Ep.
878 1711 931 1773 4,
979 1725 1092 1759 111«.

112 1779 183 1833 V.
224 1778 313 1834 58.
386 1775 532 1828 Fera
573 1773 743 1895 bafias]
814 1779 1108 1848 Perpetuo
1164 1777 1425 1848 epitheto
1471 1774 1760 1831 dicuntur.
1861 1775 1963 1830 Sil.
2013 1777 2138 1832 Ital.
2176 1780 2244 1847 4,
2311 1781 2440 1850 357.

60 1847 631 1918 Feraproeliafratres
725 1845 982 1897 iscebant.
1054 1843 1155 1898 ubi
1178 1865 1227 1900 v.
1254 1845 1550 1898 Drakenb-

110 1918 179 1969 V.
215 1917 302 1969 60.
339 1914 459 1966 ·Re
499 1915 555 1963 ni
584 1929 716 1983 pars
772 1923 939 1985 quotu
976 1932 1215 1984 quaeque
1264 1913 1369 1982 sui]
1440 1914 1497 1967 h.
1545 1933 1596 1966 e.
1647 1930 1848 1966 omnes
1893 1913 2044 1967 cives
2097 1915 2203 1969 sui.
2312 1915 2441 1973 Art.

58 1987 165 2040 Am.
192 1986 251 2048 3,
298 1985 415 2039 103.
509 2001 663 2033 orma
700 1993 1145 2054 quota,quaeque
1180 1983 1430 2054 superbit.
1500 1984 1658 2036 Male
1692 1983 1890 2036 Burm.
1922 1983 2088 2050 jubet
2130 2003 2240 2055 per
2269 1985 2446 2038 inter-

56 2054 415 2126 rogationem-
448 2051 577 2121 legi.
646 2053 791 2106 Nam
826 2064 963 2106 tunc
1000 2069 1227 2106 sensum
1259 2051 1613 2107 contrarium
1657 2051 1834 2106 habet
1855 2089 1872 2116 ,
1924 2061 1982 2105 et
2013 2056 2227 2122 'paucos
2271 2053 2443 2128 signi-

59 2127 189 2178 ficat.
227 2132 440 2175 v-not.
473 2121 543 2173 ad
574 2123 620 2173 E
668 2164 681 2176 .
718 2137 811 2180 12,
847 2121 935 2189 89.
1866 2131 1874 2138 ·
1947 2167 1953 2177 ,

114 2193 179 2243 V.
220 2192 308 2244 61.
384 2189 640 2241 Gemellis
732 2189 789 2241 h.
825 2207 873 2246 e.
910 2189 1149 2243 Castore
1188 2198 1245 2241 et
1281 2188 1540 2241 Polluce.
1776 2197 1780 2210 “
1912 2219 1917 2224 -

113 2263 183 2315 V.
222 2261 311 2316 66.
388 2257 677 2328 Signatum
712 2258 940 2308 memori
987 2267 1197 2323 pectore
1246 2274 1443 2307 nomen
1478 2256 1640 2326 habe]
1712 2257 2014 2328 Loquendi
2061 2259 2214 2313 ratio
2269 2257 2448 2314 (lucta

60 2342 135 2384 est
179 2331 253 2383 ab
299 2329 515 2382 annulo
562 2327 607 2380 si
648 2326 913 2392 natm-io,
967 2328 1131 2396 cujus
1171 2325 1321 2379 bene
1374 2325 1642 2398 impressi
1684 2329 1920 2400 vestigia
1955 2344 2074 2396 non
2135 2327 2310 2382 facile
2348 2325 2445 2380 de-

5 2439 8 2462 ,
60 2400 252 2452 lentur.
342 2398 462 2451 Cic.
488 2397 606 2450 Aca
653 2417 666 2448 ·.
697 2402 753 2464 4,
792 2413 876 2463 22.
929 2395 1067 2445 nihil
1102 2395 1179 2445 ita
1225 2395 1526 2464 signariin
1565 2396 1762 2446 animis
1799 2397 1996 2446 nostris
2031 2415 2066 2446 a
2105 2414 2226 2448 vero
2264 2414 2445 2465 posse,

5 2465 8 2531 3
60 2466 190 2537 quod
222 2483 334 2516 non
370 2455 559 2516 eodem
605 2465 769 2516 modo
801 2465 973 2535 possit
1021 2483 1055 2514 a
1084 2465 1264 2533 falso.
1336 2464 1617 2518 Ceterum·
1661 2464 1934 2536 signatum
1968 2463 2164 2517 babere
2202 2465 2447 2541 ponitur

56 2555 151 2609 pro
187 2538 437 2607 signare,
474 2547 539 2589 ut
568 2544 855 2606 expertum
890 2534 1087 2587 habere
1126 2552 1237 2605 pro
1277 2534 1912 2605 experiri„perspectum
1943 2534 2140 2587 habere
2211 2554 2281 2590 ro
2309 2552 2446 2606 per-

58 2606 288 2677 spicere,
322 2612 653 2675 compertum
672 2604 869 2654 habere
928 2622 997 2656 ro
1016 2621 1144 2655 com
1192 2602 1351 2656 erire*
1367 2612 1473 2657 etc.
1539 2622 1594 2657 v.
1631 2604 1852 2657 Manut.
1879 2603 1939 2657 in
1974 2604 2094 2663 Cic.
2116 2554 2208 2659 1111ι
2209 2606 2338 2661 Div.
2385 2620 2440 2671 a,

6 2702 8 2713 ·
62 2676 128 2728 16.
170 2693 248 2739 10,
287 2675 371 2740 24.
413 2685 470 2727 et
497 2672 657 2726 Cort.
682 2670 755 2726 ad
783 2673 879 2725 Sal
910 2712 922 2725 .
955 2672 1083 2726 Cat.
1186 2710 1199 2724 .
2365 2714 2370 2718 .

6 2724 14 2807 3
112 2745 182 2797 V.
220 2742 308 2798 68.
384 2738 590 2791 Multos
619 2742 732 2793 illic
752 2740 1023 2791 Hectoras
1050 2758 1157 2791 esse
1178 2736 1338 2813 puta]
1374 2740 1431 2793 h.
1464 2758 1514 2795 e.
1550 2740 1768 2795 multos
1811 2741 1966 2797 viros
2001 2742 2208 2807 fortes,
2247 2740 2440 2816 qualis

6 2810 8 2865 3
58 2815 271 2867 Hector.
346 2810 505 2865 Suet.
544 2810 704 2865 Caes.
746 2829 791 2861 1.
868 2808 1089 2861 Caesari
1122 2810 1321 2871 multos
1354 2806 1567 2859 Marios
1601 2810 1788 2864 inesse.
1859 2811 2085 2888 Quibus
2121 2812 2266 2865 locis
2301 2827 2442 2883 pro-

6 2887 14 2945 s
56 2882 227 2953 prium
258 2898 477 2933 nomen
560 2881 759 2934 onitur
790 2897 899 2951 pro
932 2877 1130 2933 ihdole
1168 2888 1225 2931 et
1260 2888 1500 2937 natura,
1539 2890 1602 2932 ut
1631 2896 1808 2962 supra
1840 2880 2162 2940 docuimus.
2200 2901 2218 2940 ‚t
2318 2914 2324 2920 ·
2401 2916 2408 2923 ·

7 2946 8 3013 3
111 2952 178 3005 V.
213 2952 301 3019 69.
377 2948 456 2999 Et
515 2948 655 2999 acite
692 2944 869 3019 dicas]
940 2946 1073 3001 scil.
1112 2958 1323 3001 tecum·
1372 2947 1652 3021 Alioquin
1689 2966 1923 3021 ignavus
1959 2950 2191 3003 habitus
2227 2958 2401 3003 esset.

112 3021 177 3075 V.
226 3038 317 3087 7¹·
404 3016 519 3069 Sub
574 3016 763 3086 milite]
854 3016 1202 3089 Saepissime
1250 3016 1614 3087 praepositio
1663 3018 1760 3067 sub
1807 3035 2034 3073 causam
2086 3019 2181 3072 vel
2228 3019 2439 3072 instrue

10 3088 12 3091 ⁴
52 3100 291 3141 mentum
336 3098 522 3143 notat.
604 3088 747 3141 Met.
796 3088 895 3151 13,
954 3102 1065 3154 190.
1116 3083 1411 3151 Difficilem
1444 3086 1589 3135 tenui
1624 3086 1720 3135 sub
1748 3087 1932 3157 iniquo
1967 3086 2150 3154 judice
2195 3104 2438 3138 causam.

54 3158 197 3213 Flor.
228 3160 291 3221 4,
328 3158 378 3211 8.
422 3155 517 3207 sub
546 3173 853 3226 percussore
883 3154 1040 3210 mori.
1102 3173 1159 3204 v.
1192 3154 1388 3207 Burm·
1430 3152 1506 3207 ad
1541 3157 1680 3210 Met.
1705 3156 1760 3217 5,
1793 3158 1878 3210 62.
2103 3200 2107 3204 a

114 3228 182 3279 V.
222 3228 309 3291 74.
390 3224 462 3275 Ut
487 3224 668 3295 rapiat
696 3221 916 3291 Paridi]
986 3222 1234 3280 Perinde
1266 3240 1331 3276 ac
1373 3222 1421 3275 si
1452 3223 1779 3295 scripsisset
1821 3242 1856 3273 a
1887 3220 2110 3275 Paride.
2180 3224 2322 3280 Met.
2357 3224 2418 3277 13

9 3349 10 3353 ,
53 3312 157 3364 772.
191 3293 540 3363 Lumenque‚
578 3291 729 3374 quod
755 3311 923 3341 unum
952 3290 1154 3341 Fronte
1182 3292 1323 3363 geris
1353 3292 1534 3345 media
1553 3331 1570 3361 ‚
1606 3293 1780 3362 rapiet
1801 3292 1916 3344 tibi.
1987 3294 2075 3347 De
2107 3293 2220 3347 hoc
2247 3258 2441 3346 dativg

8 3382 10 3432 j
56 3382 96 3413 v.
121 3362 406 3417 Drakenb.
430 3359 503 3415 ad
528 3360 651 3415 Liv.
682 3362 735 3426 3,
772 3363 858 3417 50.
2183 3360 2188 3365 ’

6 3446 8 3455 ·
111 3434 177 3485 V.
216 3450 299 3500 77.
378 3430 571 3481 Vivere
600 3428 813 3501 pugna]
895 3430 949 3483 11.
987 3448 1035 3483 0.
1068 3428 1140 3483 da
1174 3446 1445 3501 operam,
1509 3440 1576 3482 ut
1611 3428 1786 3486 vivae.
1850 3432 1939 3485 De
1976 3430 2158 3485 verbo
2189 3444 2440 3501 pugnare

6 3522 8 3537 ³
53 3520 167 3555 cum
197 3500 481 3555 infinitivo
512 3510 851 3553 constructo
877 3518 929 3551 v·
962 3509 1163 3552 notata
1193 3499 1265 3551 ad
1286 3500 1397 3569 Ep.
1433 3500 1486 3562 3,
1517 3502 1598 3553 25.

5 3574 8 3631 Ι
110 3572 177 3625 V.
212 3571 299 3642 78.
369 3564 669 3637 Dominae]
739 3568 937 3620 Mariti
978 3584 1089 3639 pet·
1127 3565 1439 3621 blanditias
1465 3586 1680 3621 uxores
1711 3584 1844 3621 suas
1887 3566 2172 3633 dominas,
2223 3584 2436 3621 uxoreo
2489 3611 2498 3619 ..

5 3632 8 3689 ἱ
50 3640 275 3694 maritos
308 3636 561 3687 dominos
592 3636 898 3691 vocabant.
967 3638 1254 3707 Imprimis
1286 3646 1578 3689 amatores
1617 3637 1827 3689 amicas
1877 3638 1988 3690 hoc
2025 3637 2258 3691 nornine
2288 3638 2437 3689 salu-

50 3708 251 3762 tabant.
296 3727 345 3758 v.
377 3706 505 3759 Am.
537 3707 587 3763 3,
625 3722 674 3763 7,
716 3724 797 3757 11.
868 3706 1030 3761 Rem.
1054 3706 1183 3759 Am.
1210 3706 1330 3776 663.
1352 3705 1523 3778 xmp...
1554 3703 1626 3757 ad
1659 3706 1840 3759 Tacit.
1879 3705 2024 3759 Ann.
2055 3724 2104 3771 2,
2137 3706 2227 3775 87.
2298 3706 2436 3759 Exc.

48 3780 103 3829 P.
134 3788 189 3831 et
220 3777 482 3831 Brisson.
508 3772 577 3827 de
606 3776 678 3827 V.
713 3773 771 3827 S'.
812 3794 866 3827 v.
909 3772 1196 3835 Domina.¹
1296 3814 1303 3819 .

5 3836 8 3915 Ι
105 3846 271 3902 V.81.
310 3844 636 3899 Concurrere
666 3844 908 3925 proprie
944 3843 1158 3897 dicitur
1186 3841 1256 3896 de
1284 3844 1595 3896 certamine
1624 3842 2022 3915 pugnantium,
2061 3842 2227 3915 quod
2255 3861 2434 3897 cursu

5 3920 7 3941 ³
46 3914 155 3967 fere
188 3914 315 3968 fieri
346 3910 613 3976 solebat,
670 3930 947 3983 quomam
984 3930 1155 3965 cursu
1187 3911 1502 3983 plurimum
1533 3911 1649 3965 tela
1684 3911 2084 3978 concitantur,
2123 3923 2273 3967 tes-te
2309 3912 2435 3966 Liv.
2487 3952 2492 3959 .

46 3984 121 4049 34,
156 3984 245 4038 38.
284 4002 339 4035 v.
375 3983 424 4034 F
426 3980 638 4051 reinsh.
670 3981 791 4035 Iud.
818 3981 1021 4035 Justin.
1052 3982 1107 4036 h.
1138 4001 1191 4034 v.

5 4064 7 4089 ἓ
107 4052 171 4107 V.
205 4052 295 4107 83.
371 4048 593 4100 Fortius
628 4050 719 4101 ille
748 4046 954 4121 potest]
1029 4050 1083 4101 h.
1121 4068 1171 4103 e.
1204 4049 1390 4103 multo
1430 4048 1640 4103 fortius
1678 4047 1777 4102 iile
1813 4061 2037 4123 pugnat
2087 4050 2144 4102 in
2180 4048 2434 4107 Veneris

46 4120 383 4178 certamine,
424 4119 679 4202 quam-‚in
702 4120 925 4173 Martis.
960 4137 1009 4171 v.
1044 4120 1239 4200 Intpp.
1280 4118 1351 4171 ad
1386 4119 1444 4171 h.
1483 4119 1520 4171 l.
2273 4133 2280 4138 ·

100 4191 167 4242 V.
203 4190 292 4244 85.
331 4185 823 4257 Animus-serebat]
892 4188 948 4242 h.
964 4204 1007 4241 e.
1050 4186 1375 4245 consilium.
1415 4189 1682 4242 voluntas
1715 4201 1860 4243 erat.
1898 4186 2432 4265 Familiaprispoetis
2485 4228 2493 4234 -

5 4272 8 4319 !
46 4269 94 4311 et
118 4258 413 4311 historicis
449 4257 690 4310 locutio.
761 4276 816 4309 v.
857 4273 1007 4329 quos
1028 4255 1224 4309 laudat
1252 4255 1407 4311 oud.
1430 4256 1504 4308 ad
1538 4258 1739 4310 Front.
1778 4277 1824 4311 2.
1855 4254 2040 4329 praef.

97 4327 165 4381 V.
192 4328 284 4382 88.
358 4324 808 4391 Offenso⁴limine
903 4323 1123 4378 Pedum
1168 4324 1229 4377 in
1270 4324 1468 4395 limine
1516 4324 1870 4379 offensiones
1913 4324 2208 4378 sinistrum
2261 4342 2432 4380 omen

45 4412 151 4449 esse
182 4392 576 4450 habebantur.
649 4387 862 4447 Tibul.
902 4412 947 4458 1,
994 4392 1049 4458 3,
1106 4412 1185 4465 19.
1256 4392 1309 4444 O
1358 4394 1566 4463 quoties
1613 4394 1882 4465 ingressus
1925 4395 2028 4445 iter
2076 4392 2212 4445 milii
2256 4395 2434 4449 tristia
2465 4402 2477 4421 ⁸

42 4461 147 4512 dixi
183 4462 468 4530 Offensum
502 4464 557 4513 in
588 4472 751 4543 porta
776 4461 931 4533 signa
962 4458 1167 4515 dedisse
1198 4461 1411 4531 pedem.
1465 4461 1564 4517 ubi
1601 4482 1651 4519 v.
1677 4462 1944 4532 ,Brouklm

2557 214 2565 244 't
