2909 5050
20 286 33 316 5
616 260 624 263 -
913 223 995 280 m
1030 199 1173 282 ov.⁴
1195 214 1562 283 nssnfxv't.
2312 233 2417 297 95

99 380 165 429 V.
198 378 309 434 158.
381 375 485 428 Ea·
530 378 669 442 toto]
739 376 798 431 h.
836 393 886 433 e.
934 376 1189 433 omnino.
1252 377 1481 499 quine't.
1529 381 1694 434 Deel'.
1738 381 1860 436 352.
1921 371 2292 454 Posteaquam
2346 407 2420 439 ex

42 458 145 500 toto
172 447 437 500 recessisse
468 445 675 496 hostem
710 445 1042 496 crediderint.
1118 466 1167 499 v.
1199 446 1270 502 Sc
1292 449 1516 521 iulting.
1549 448 1625 502 ad
1655 451 1854 504 Senec.
1893 451 2096 506 Contr.
2127 455 2268 536 up.
2307 459 2420 512 115.

42 519 245 640 Simia-p.
274 516 397 570 Liv.
424 533 475 580 2,
502 516 591 582 48.
656 515 845 586 aliqna
896 533 969 564 ex·
1007 523 1179 584 parte.
1249 516 1426 590 Apud
1475 517 1622 572 alios
1665 520 1932 591 exssfucili
1966 539 2076 594 pqo
2104 520 2324 590 ¹facile,
2366 538 2424 580 et

66 606 151 640 imi
202 605 254 640 a.
1593 639 1598 644 .

44 607 65 641 ⁸
106 609 322 710 V.¹161.
397 651 495 704 Da
521 651 685 703 modo
718 649 797 722 te]
872 654 929 706 h.
966 669 1029 705 se.
1074 652 1167 704 fac
1212 653 1443 774 colpliam
1490 655 1612 719 tui,
1648 657 1869 729 praebe
1909 669 1967 712 te
2001 658 2136 712 mihi
2177 659 2424 716 facilem·

42 725 145 778 Cic.
176 723 247 777 ad
280 723 412 778 Div.
442 735 495 784 2,
524 741 575 792 7.
615 721 767 772 da‘te
799 721 1026 785 homini,
1062 721 1163 774 ubi
1193 741 1259 777 v.
1344 736 1504 779 aunt.
1575 725 1788 780 Similis
1822 727 2041 780 locutio
2067 739 2153 782 est
2192 747 2244 780 se
2269 748 2425 801 prae-

44 803 167 844 stare
198 794 315 846 sive
350 811 404 842 se
426 791 681 862 praebere
718 789 913 844 alicui.
960 809 1015 842 v.
1050 791 1247 844 Heius.
1278 791 1350 844 ad
1378 791 1427 845 h.
1459 794 1504 848 1.
1531 805 1589 847 et
1621 794 1860 850 Advers.
1904 815 1952 861 1,
1995 811 2044 851 2.
2092 806 2149 850 et
2185 811 2304 854 not.
2351 800 2426 854 ad

43 865 137 932 Ep.
176 865 260 924 15,
302 861 422 916 213.
484 863 681 914 Burm.
717 859 790 912 ad
828 858 1065 914 Anthol.
1103 855 1326 917 Lat.''1*.
1368 880 1409 912 1·
1452 881 1506 934 p.
1542 863 1662 928 637.
2190 885 2194 889 ·
2357 909 2364 912 .

102 931 163 982 V.
210 931 323 996 173.
401 926 633 995 Pliada]
718 929 754 984 i.
789 946 839 983 e.
876 929 1197 993 Electram,
1241 929 1486 986 Atlantis
1527 943 1584 986 et
1623 931 1891 986 Pleiones
1935 931 2148 998 filiam,
2197 953 2265 988 ex
2309 955 2423 1010 qua

43 999 258 1071 Jupiter
288 997 656 1060 Dardanum,
686 999 897 1064 Troiae
930 996 1313 1063 conditorem,
1349 1000 1578 1064 creavit.
1633 1019 1679 1051 v.
1712 1001 1876 1054 Serv.
1906 1001 1976 1054 ad
2009 1004 2160 1072 Virg.
2189 1005 2333 1059 Aen.
2367 1025 2422 1066 7,
2473 998 2486 1022 ⁸

34 1087 152 1136 2⁰7·
225 1065 435 1117 Pliada
466 1084 607 1120 vero
628 1067 916 1120 Electram
943 1076 1125 1131 vocat,
1156 1067 1318 1142 quod
1348 1067 1447 1123 illa
1476 1081 1563 1124 est
1601 1087 1721 1122 una
1746 1080 1963 1141 septem
1993 1071 2244 1127 Atlantis
2285 1074 2425 1128 filia-

44 1155 155 1189 rum
188 1136 341 1189 inter
363 1137 558 1190 stellas
590 1137 927 1190 relatarum.
960 1154 1016 1188 v.
1052 1136 1223 1188 Dion.
1252 1137 1433 1190 Halic.
1465 1157 1509 1191 1.
1541 1156 1598 1209 p.
1631 1142 1715 1208 49.
2148 1139 2155 1144 ’

98 1207 169 1259 V.
212 1207 325 1268 176.
402 1202 689 1274 obeunda]
760 1205 890 1258 Non
930 1201 1009 1258 ad
1037 1205 1572 1276 sceptravefertur,
1619 1206 1725 1260 sed
1761 1207 1835 1260 ad
1869 1225 1986 1260 ora.
2058 1207 2219 1261 Obire
2255 1211 2426 1284 signi-

45 1277 158 1333 ficat
194 1273 501 1327 circumire
523 1311 540 1336 ,
579 1274 1011 1345 perambulare.
1045 1291 1099 1327 v.
1136 1275 1244 1345 Ep.
1290 1274 1383 1340 18,
1418 1277 1468 1330 8.
1679 1320 1682 1328 ,

100 1343 167 1398 V.
208 1344 328 1397 182.
403 1339 659 1410 Sustinet]
730 1341 1023 1416 Significat
1074 1343 1249 1395 alere.
1298 1342 1416 1398 Cic.
1450 1346 1627 1400 Verr.
1664 1344 1726 1404 3,
1779 1347 1828 1406 5.
1869 1345 2050 1410 ceteris
2086 1347 2242 1398 rebus
2267 1350 2424 1414 juvn-

46 1429 240 1462 mnresc
260 1411 679 1479 illaprooincim
715 1411 818 1462 hac
836 1429 956 1461 vero
974 1411 1174 1460 alimur
1192 1403 1607 1464 acsustinemur.
1643 1415 1761 1470 Liv.
1779 1433 1826 1476 2,
1862 1417 1948 1481 34.
1983 1413 2084 1463 Ex
2107 1413 2425 1486 Tuscissru-
2460 1465 2470 1473 ,

49 1489 271 1531 mentum
315 1479 497 1530 Tiberi
532 1480 701 1539 oenit3
737 1499 797 1530 eo
834 1488 1126 1530 sustentata
1161 1490 1237 1530 est
1266 1481 1435 1548 plebs,
1473 1484 1574 1535 ubi
1609 1503 1664 1535 v.
1702 1483 2002 1538 'Drakenh

105 1551 177 1602 V.
218 1550 335 1604 186.
415 1547 539 1599 Uno
568 1549 761 1599 domus
803 1548 1041 1618 quosvis]
1108 1549 1506 1604 Praeferenda
1543 1563 1632 1606 est
1665 1553 1844 1606 lectio
1880 1553 2046 1606 MSS.
2086 1571 2196 1605 una
2232 1551 2426 1604 domus

48 1617 270 1683 quaevis.
308 1618 405 1670 Sic
441 1617 553 1670 Cio.
593 1619 757 1673 Brut,
790 1619 874 1688 93.
950 1613 1138 1685 Quivis
1174 1635 1311 1667 unus
1346 1635 1419 1666 ex
1450 1623 1676 1690 popule.
1714 1640 1762 1674 v.
1805 1623 2076 1694 Heusing.
2115 1621 2188 1676 ad
2222 1623 2279 1675 h.
2317 1622 2354 1673 1.

106 1689 175 1739 V.
218 1705 335 1756 ¹9¹·
406 1685 602 1757 Largis
646 1683 950 1756 paratibus]
1036 1687 1071 1740 i.
1111 1705 1161 1740 e.
1217 1685 1471 1758 copiosis
1521 1691 1919 1761 apparatibus,
1991 1690 2268 1762 Intelligit
2300 1707 2428 1743 ves·

48 1757 201 1809 tillim
236 1756 579 1826 pretiosum.
614 1759 770 1810 Fast.
794 1757 845 1816 3,
880 1756 995 1822 627.
1043 1753 1215 1824 thue
1248 1755 1472 1805 domum
1505 1756 1738 1824 intravit,
1769 1757 1962 1828 Tyrios
1977 1757 2424 1830 indutaparatus.

104 1826 174 1876 V.
220 1842 237 1873 ι
284 1825 335 1877 6.
416 1822 793 1895 Therapnaeo]
865 1823 903 1878 i.
942 1839 993 1876 e.
1032 1824 1363 1888 Laconico,
1420 1825 1494 1878 ab
1532 1827 1678 1880 urbe
1727 1827 2084 1885 Laconicae.
2141 1845 2290 1902 quae
2330 1845 2425 1882 vo-

42 1905 198 1947 catur
290 1892 582 1963 herapnae.
630 1892 756 1948 Art.
794 1893 919 1948 Am,
951 1893 1025 1956 3,
1060 1896 1143 1964 49.
1226 1892 1437 1943 Probra
1482 1893 1868 1967 Therapnaeae
1920 1897 2014 1966 qui
2047 1896 2268 1948 dixerat
2303 1905 2427 1976 qnte

43 1970 281 2016 maritae.
572 2010 577 2018 ‚
2010 1989 2020 1997 -

96 2032 169 2083 V.
216 2049 331 2102 ¹97·
404 2028 606 2100 Phryx
642 2033 779 2096 erat]
828 2031 1110 2104 Intelligit
1148 2029 1558 2100 Ganymedem.

96 2099 171 2151 V.
218 2119 337 2172 199.
409 2098 659 2151 Aurorae
698 2101 927 2167 conjux]
997 2099 1035 2152 i.
1078 2117 1130 2152 e.
1168 2099 1478 2154 Tithonus·
1629 2099 1632 2103 ’
2322 2161 2338 2170 .

96 2169 166 2221 V.
208 2185 329 2222 200.
398 2165 609 2240 Noctis]
677 2169 756 2222 Ut
806 2169 932 2222 Soli
970 2179 1029 2222 et
1061 2170 1294 2230 Lunae,
1346 2169 1425 2221 sic
1462 2169 1632 2224 etiam
1667 2171 1842 2224 Nocti
1891 2170 2006 2224 iter
2057 2168 2427 2226 adscribitur.

40 2240 184 2306 Ergo
216 2239 370 2291 haec
402 2254 512 2290 vox
547 2239 869 2307 majuscula
902 2237 1097 2291 littera
1132 2235 1461 2292 scribenda.
1636 2279 1638 2281 >

98 2309 164 2362 V.
204 2309 328 2361 205.
418 2303 697 2376 Socerum]
766 2308 1033 2371 Fabula,
1086 2323 1257 2377 quam
1302 2307 1568 2378 respicit,
1604 2307 1746 2361 haec
1783 2319 1885 2362 est.
1970 2307 2249 2378 Thyestes
2286 2325 2427 2361 cum

39 2376 192 2429 Atrei
214 2375 417 2428 fratris
433 2381 614 2432 uxore
631 2376 985 2440 concubuit3
1026 2393 1195 2448 quam
1214 2374 1288 2426 ab
1310 2392 1534 2430 causam
1553 2377 1764 2430 Atreus
1779 2379 1828 2429 ei
1845 2376 1997 2430 filios
2017 2394 2154 2430 suos
2191 2379 2428 2450 epulan·

42 2446 133 2498 dos
171 2441 475 2517 apposuit.
602 2462 710 2498 uae
760 2443 866 2497 Sol
916 2444 1312 2510 abominatus,
1363 2462 1435 2498 ne
1487 2443 1738 2507 videndo
1790 2447 2194 2518 pollueretur,
2229 2446 2426 2501 radios

40 2532 161 2567 suos
202 2510 433 2567 avertit.
480 2535 537 2568 v.
618 2534 706 2569 en.
740 2515 973 2585 Thyest.
1012 2522 1071 2566 et
1108 2515 1273 2571 Serv.
1311 2512 1387 2569 ad
1421 2514 1582 2587 Virg.
1622 2513 1763 2571 Aen.
1804 2535 1827 2568 1
1855 2554 1872 2582 ,
1926 2515 2046 2571 568.
2120 2514 2428 2591 Integrita-

42 2595 140 2637 tem
175 2582 318 2635 huic
354 2578 603 2637 disticho
642 2596 915 2639 constare
938 2620 956 2645 ,
995 2580 1169 2637 docet
1202 2582 1478 2655 Heusing.
1515 2582 1589 2635 ad
1625 2584 1682 2636 h.
1723 2585 1762 2640 1.
1838 2613 1842 2617 »

28 2683 35 2691 -
96 2652 166 2703 V.
208 2668 330 2715 207.
408 2648 592 2705 Soceri
641 2640 705 2705 «ie
752 2653 940 2719 caede]
1021 2650 1281 2723 Respicit
1326 2652 1588 2705 fabulam
1636 2652 1802 2707 hanc.
1871 2654 2123 2725 Pelops,
2171 2652 2429 2706 Menelai

38 2737 195 2782 avus,
246 2718 325 2772 Hi
372 2722 705 2793 podamiam
757 2720 819 2774 in
857 2720 1284 2777 matrimonium
1322 2722 1596 2777 ambiens.
1645 2724 1768 2791 ejus
1803 2734 2029 2795 patrem
2067 2723 2430 2777 Oenomaum

73 2806 131 2841 er
165 2789 306 2841 frau
350 2808 438 2843 em
472 2792 697 2863 Myrtili
734 2794 967 2864 aurigae
1004 2805 1180 2844 curru
1213 2792 1476 2855 excussit,
1511 2800 1578 2842 ut
1609 2790 1810 2845 fractis
1840 2791 2159 2845 cervicibus
2188 2790 2428 2862 periret.

30 2808 330 2927 ⁴Kiyrtssilum
368 2858 577 2915 deinde
616 2862 672 2917 in
708 2878 864 2915 mare
900 2858 1343 2931 praecipitavit,
1396 2858 1554 2931 quod
1593 2860 1668 2912 ab
1705 2861 1830 2929 ejus
1867 2860 2098 2915 nomine
2135 2860 2428 2929 Myrtoum

40 2926 242 2979 (lictum
282 2937 393 2983 est.
428 2947 481 2982 v.
518 2931 681 2985 Serv.
722 2929 799 2983 ad
834 2930 941 2985 Vir
980 2969 993 2983 .
1031 2930 1181 2983 Geo.
1220 2930 1285 2994 3,
1322 2945 1373 2996 7.

93 2996 167 3046 V.
208 2996 331 3049 2ι5.
408 2994 603 3049 Posita
650 2994 863 3080 mensa]
943 2944 1162 3049 &onere
1216 3008 1275 3051 et
1322 3012 1588 3067 apponere
1637 2996 1815 3051 verba
1873 3000 2012 3053 sunt
2038 2996 2304 3071 'propria
2357 2996 2428 3051 de

38 3063 207 3128 cibis,
261 3063 369 3136 qui
416 3066 624 3121 edendi
676 3068 932 3123 convivis
970 3066 1198 3121 dantur.
1238 3066 1357 3119 Cic.
1396 3064 1569 3121 Verr.
1604 3067 1670 3131 4,
1709 3084 1792 3121 22.
1842 3067 1932 3136 Ap
1975 3068 2112 3117 osuit
2141 3066 2429 3135 patellam,

37 3132 81 3179 in
116 3150 231 3201 qua
266 3132 427 3202 signa
478 3146 632 3187 erant
683 3136 909 3209 egregia.
949 3136 1113 3209 Virg.
1151 3136 1293 3189 Aen.
1332 3152 1355 3185 ι
1380 3171 1397 3199 ,
1451 3136 1573 3202 ¹706.
1703 3135 1763 3184 ui
1793 3134 1924 3205 dupi
1961 3154 2024 3185 us
2059 3152 2273 3185 mensas
2308 3152 2431 3185 one-

36 3210 167 3259 rent,
208 3210 261 3251 et
290 3205 495 3271 pocula
524 3216 755 3278 ponant.
788 3206 893 3259 ubi
924 3224 979 3257 v.
1015 3204 1175 3257 Serr.
1210 3205 1441 3257 Petron.
1482 3221 1598 3275 ¹¹9·
1708 3222 1836 3254 uum
1867 3204 2076 3273 positus
2109 3212 2242 3254 esset
2277 3220 2433 3254 anser

37 3270 213 3323 altilis.
254 3292 309 3324 v·
344 3270 545 3329 Heius·
582 3274 657 3329 ad
692 3275 816 3330 Art.
848 3274 973 3327 Am.
1007 3292 1053 3337 1,
1092 3275 1209 3339 224.
1282 3270 1399 3326 Sed
1435 3271 1561 3343 ipsa
1599 3272 1769 3325 etiam
1809 3290 1995 3322 mensa
2024 3272 2160 3344 poni
2195 3271 2430 3327 dieitur.

36 3336 155 3459 Vel.
182 3340 345 3394 Max.
362 3358 415 3461 21,
450 3344 575 3407 6.,«1.
609 3342 789 3393 Jonas
822 3341 1087 3394 secundae
1124 3358 1339 3392 mensae
1372 3340 1658 3409 ponendae
1691 3340 2125 3392 consuetudinem
2160 3342 2435 3414 reperisse.

34 3425 65 3459 u
109 3407 125 3458 i
212 3409 347 3461 lura
414 3430 450 3462 n
565 3448 579 3461 .

90 3426 334 3530 V.P221.
406 3422 661 3551 Rtvfnlipor
694 3489 743 3531 et
778 3478 1013 3561 invideo]
1084 3477 1353 3534 Oudend.
1389 3480 1529 3553 legit
1565 3478 1820 3549 Rumpor
1853 3478 1924 3529 ab
1959 3478 2185 3537 invidia.

90 3545 171 3601 V.
210 3546 337 3601 225.
410 3545 651 3600 Lumina
700 3548 947 3618 demitto]
996 3568 1035 3603 1.
1074 3546 1120 3603 ‘e-
1162 3548 1367 3602 oculos
1418 3548 1644 3617 dejicio,
1680 3549 1818 3604 Met.
1855 3568 1924 3615 7,
1966 3550 2078 3605 133.
2151 3546 2432 3599 Demisere

32 3622 171 3733 mita
210 3617 527 3737 vtgssulnque
562 3618 911 3689 animumque
948 3615 1193 3689 Pelasgi.
1230 3617 1349 3671 Liv.
1390 3615 1452 3685 2⁸,
1505 3620 1588 3676 58.
1620 3616 1892 3689 praesenti
1927 3621 2101 3668 vultus
2136 3616 2426 3669 demittere.

34 3701 71 3735 u
112 3702 128 3734 1
167 3702 217 3735 V·
350 3701 383 3736 a
424 3726 439 3739 0

94 3751 170 3803 V.
211 3754 335 3807 226.
412 3752 608 3805 Crescit
642 3763 692 3808 et
726 3754 915 3825 invito]
984 3756 1194 3809 Pulcre
1232 3765 1291 3809 et
1339 3755 1756 3810 convenienter
1791 3767 2055 3809 naturae.
2127 3753 2272 3805 Nam
2302 3767 2428 3822 per-

34 3820 258 3873 turbati
310 3830 371 3873 et
424 3822 572 3877 anxii
619 3824 810 3878 cibum
860 3823 1125 3889 dentibus
1176 3824 1466 3877 conficere
1514 3843 1634 3878 non
1729 3836 1966 3887 ossunt,
2018 3822 2294 3875 haerente
2330 3820 2432 3873 illo

32 3888 180 3941 inter
232 3888 441 3943 dentes
490 3902 546 3945 et
596 3894 777 3947 veluti
825 3905 1140 3949 crescente.
1191 3892 1324 3948 Sen·
1376 3894 1486 3965 Ep.
1537 3897 1624 3951 82.
1714 3912 1746 3948 e
1800 3889 2050 3946 Leonida
2107 3889 2180 3943 ad
2217 3898 2432 3944 certam

33 3968 283 4011 mortem
320 3958 561 4015 fortiter
598 3975 799 4018 euntez
852 3958 979 4011 Non
1014 3962 1069 4011 in
1107 3980 1195 4013 ore
1232 3960 1606 4029 crevit‘cibus,
1655 3980 1767 4013 non
1795 3960 1967 4013 haesit
1982 3958 2284 4030 saucibus,
2322 3975 2432 4007 non

34 4028 248 4095 elapsus
283 4036 365 4077 est
398 4030 665 4085 manibus.
702 4050 757 4086 v.
794 4032 987 4103 Intpp.
1028 4028 1102 4085 ad
1140 4031 1193 4082 h.
1234 4032 1272 4084 l.
1358 4062 1367 4069 ·

94 4096 171 4150 V.
214 4096 337 4150 233.
411 4096 597 4149 Dolor
631 4109 707 4150 est
756 4118 905 4151 meus
939 4100 1040 4150 illa
1090 4099 1288 4165 videre]
1356 4099 1521 4153 Infin.
1562 4097 1736 4151 videre
1770 4098 2012 4173 ponitur
2045 4114 2159 4171 pro
2195 4093 2430 4149 nomine

36 4163 169 4213 visus
212 4176 295 4245 ‘ut
344 4183 537 4239 saepe.
590 4170 701 4241 ΕΡ.
751 4170 820 4236 3,
868 4170 957 4237 64.
1052 4166 1194 4220 Utile
1244 4167 1460 4221 dicebas
1507 4168 1618 4240 ipse
1647 4167 1828 4238 fuisse
1877 4167 2014 4237 capi.
2051 4166 2153 4221 ubi
2187 4186 2241 4223 v.
2279 4174 2453 4238 quae‘

35 4244 381 4289 notavimus.
1388 4266 1397 4271 ·
2268 4246 2281 4260 “

93 4302 167 4355 V.
209 4302 337 4358 235.
411 4302 618 4356 Lactor-
651 4307 849 4371 celare]
920 4304 958 4360 i.
987 4322 1035 4361 e.
1072 4322 1261 4360 conor
1290 4308 1499 4362 celare.
1534 4305 1628 4361 Sic
1651 4306 1826 4357 luctor
1853 4322 1982 4359 cum
2007 4303 2162 4358 infin.
2191 4300 2436 4356 struitur

32 4366 74 4420 E
121 4408 135 4421 .
176 4386 281 4439 17,
324 4370 442 4427 161.
482 4392 641 4445 qoem
678 4374 808 4425 dum
846 4392 1172 4443 compescere
1207 4376 1397 4431 luctor.

78 4388 169 4493 ς’.
212 4442 339 4508 244.
417 4436 481 4493 Si
514 4443 705 4509 nescis]
775 4444 1021 4517 Elegans
1054 4444 1309 4497 formula
1344 4462 1458 4517 pro
1495 4452 1562 4499 ut
1587 4442 1705 4497 hoc
1733 4442 1907 4509 scias,
1942 4459 2017 4496 ne
2040 4439 2156 4495 hoc
2181 4439 2432 4515 ignores.

2061 4577 2070 4605 J
