2909 5050
1912 59 1941 95 0

479 237 584 300 26
1399 235 1471 306 1).
1503 243 1571 296 R.
1606 237 1943 294 DICTATA·
2274 280 2279 284 .
2354 235 2372 264 ³

475 399 592 442 erat
624 400 789 445 sator.
847 393 1006 446 Infra
1062 393 1172 464 169.
1266 393 1358 447 Sic
1404 392 1503 442 tibi
1541 392 1753 442 secretis
1794 389 1951 461 agilis
1986 387 2116 440 Dea
2144 389 2372 440 saltibus
2406 391 2562 442 adsit.
2638 393 2860 447 Contra

474 461 633 531 longe
669 479 775 511 esse
831 460 1072 520 dicitur,
1123 460 1221 534 qui
1269 479 1397 529 nori
1434 460 1715 532 prodest,
1767 477 1886 512 non
1922 457 2170 526 adjuvat.
2206 461 2317 530 Ep.
2365 477 2458 525 12,
2512 462 2599 516 53.
2677 459 2859 530 Quam

475 529 572 579 tibi
612 548 754 580 nunc
797 533 888 581 lon
930 549 955 581 e
998 549 1220 600 regnum
1260 531 1438 581 dotale
1487 530 1731 582 Creusae.
1770 555 1775 564 ·
1817 527 1894 577 Et
1940 545 2089 578 socer
2141 537 2190 578 et
2220 527 2409 598 magni
2450 537 2584 578 nata
2620 531 2861 582 Creontis

474 607 646 654 erunt.
694 599 854 674 Virg.
937 618 1025 655 en.
1045 603 1220 660 ι2,52.
1251 598 1437 669 Longe
1453 598 1537 648 illi
1552 599 1654 648 dea
1685 607 1857 648 mater
1890 596 1999 646 erit.
2036 597 2191 650 Flor.
2212 614 2329 661 2,2.
2366 595 2553 667 Longe
2584 598 2693 649 illis
2725 617 2863 647 nau-

477 666 611 718 ticae
649 677 802 718 artes.
833 687 886 724 v.
904 671 1082 724 Gron.
1121 667 1192 722 ad
1227 668 1428 723 Senec.
1467 649 1823 740 fiippol.974
1856 678 1913 720 et
1946 667 2242 718 Drakenb.
2281 665 2353 720 ad
2392 667 2641 726 Si1,1ta1.
2665 685 2747 738 1³7,
2774 669 2860 722 80.

541 734 892 857 Aoidoisovet
921 738 1041 807 igne
1074 735 1361 804 medullas]
1433 735 1639 787 Favere
1690 753 1922 808 semper
1984 735 2040 788 in
2090 734 2305 789 bonam
2353 747 2579 806 partem
2622 736 2861 801 dicitur,

473 813 649 877 atque
685 823 718 858 a
764 823 835 858 eo
873 805 965 858 vix
1002 806 1222 873 locum,
1261 812 1434 880 quem
1468 806 1668 870 habet,
1706 805 1858 860 tueri
1892 813 2103 875 potest.
2175 803 2375 858 Placet
2410 804 2590 877 igitur
2626 805 2863 878 elegans

473 873 558 929 Cl.
595 873 993 946 Oudendorpii
1030 877 1367 945 conjectura
1403 874 1567 925 avido
1604 875 1787 944 coquit
1818 875 1839 923 i
1876 891 1938 923 ne
1974 873 2261 924 medullas.

538 943 612 998 V.
654 944 730 997 16.
802 941 969 1013 Figat
1003 945 1078 996 sic
1107 942 1343 1012 animos]
1412 945 1637 1005 Burm.,
1686 944 1776 996 cui
1854 959 1974 1023 gere
2011 942 2225 992 animos
2260 942 2608 997 insolentius
2646 942 2864 996 dictum

468 1010 731 1074 videtur,
768 1005 1076 1083 legendum
1109 1013 1343 1082 conjicit
1378 1011 1630 1083 Frangat
1664 1012 1740 1062 sic
1783 1029 2013 1066 ariimos.
2083 1007 2382 1091 Sedfigere
2400 1010 2613 1062 animos
2640 1011 2865 1066 dictum

470 1090 588 1145 est,
623 1090 690 1134 ut
707 1078 883 1150 figere
913 1091 1110 1151 pectus.
1181 1082 1414 1153 Duplex
1450 1099 1595 1134 vero
1625 1099 1915 1134 armorum
1948 1079 2247 1158 Qupidims
2280 1097 2463 1152 genus
2497 1079 2865 1152 exprimitur,

462 1147 626 1220 „faces
663 1159 722 1204 et
758 1148 1015 1222 sagittae.
1081 1151 1335 1206 Facibus
1375 1151 1671 1224 coquebat
1704 1149 2021 1212 medullas,
2092 1147 2314 1217 sagittis
2361 1150 2577 1222 figebat
2614 1151 2862 1204 animos.

470 1217 634 1295 Quae
689 1235 848 1270 arma
898 1235 1071 1292 saepe
1125 1221 1437 1294 ‘unguntur
1490 1219 1563 1273 ab
1604 1218 1853 1282 ovidio,
1906 1228 1971 1271 ut
2006 1218 2132 1272 Art.
2166 1217 2291 1270 Am.
2336 1237 2397 1284 1,
2434 1232 2519 1276 21.
2594 1217 2866 1299 Quamvis

467 1302 588 1336 mea
637 1288 872 1336 vulneret
919 1307 1048 1338 arcu
1141 1299 1350 1355 ectora,
1391 1291 1631 1356 jactatas
1660 1287 2003 1356 excutiatque
2016 1286 2199 1353 faces.
2243 1283 2365 1354 Quo
2398 1305 2481 1338 me
2556 1297 2645 1337 :cit
2662 1287 2863 1348 Amor,

470 1371 576 1422 quo
601 1373 684 1405 me
715 1355 996 1408 violentias
1025 1357 1170 1408 ussit.
1240 1358 1599 1428 Praepositio
1620 1357 1680 1406 in
1714 1357 1888 1410 finem
1918 1355 2223 1427 signifieat,
2263 1367 2331 1410 ut
2366 1373 2457 1428 ap.
2539 1374 2673 1430 rop.
2708 1358 2767 1422 3,
2812 1375 2865 1422 2,

467 1423 552 1478 35.
620 1422 780 1474 Haec
797 1423 1022 1476 hederas
1051 1419 1180 1496 le‘git
1205 1428 1261 1476 in
1296 1426 1523 1496 thyrsos.
2870 1475 2878 1483 ,

535 1493 610 1547 V.
652 1511 732 1562 17.
806 1490 1050 1544 Socialia
1065 1496 1328 1566 foedera]
1397 1495 1685 1550 Dicuntur
1717 1495 1827 1566 Ep.
1862 1495 1928 1555 5,
1969 1511 2083 1546 101.
2103 1493 2344 1560 foedera
2372 1494 2512 1547 lecti.
2558 1473 2865 1549 interdum

468 1558 808 1634 simpliciter
822 1563 1081 1631 foedera,
1152 1576 1221 1619 ut
1253 1567 1362 1638 Ep,
1398 1565 1467 1628 4,
1510 1567 1623 1633 147,
1654 1570 2049 1633 properataque
2078 1561 2320 1630 foedera
2362 1565 2559 1632 junge,
2612 1575 2672 1618 et
2728 1567 2864 1620 Art.

469 1628 594 1685 Am.
633 1647 682 1696 2,
721 1631 838 1698 578.
893 1633 1109 1682 veniunt
1137 1632 1213 1682 ad
1220 1635 1430 1701 foedus
1463 1641 1725 1683 amantes.
1766 1631 2028 1703 v.Intpp.
2066 1629 2139 1683 ad
2175 1633 2403 1686 Nemes.
2425 1633 2636 1705 Cyneg,
2678 1637 2764 1700 24.
2805 1646 2869 1689 et

465 1699 654 1767 Drak„
683 1699 758 1752 ael
793 1701 910 1752 Liv.
949 1702 1019 1765 3,
1063 1703 1142 1756 18.

477 1799 484 1806 ·
532 1767 610 1822 V·
651 1785 734 1822 20.
809 1769 1061 1838 Coccum]
1097 1771 1132 1823 ἱ.
1173 1789 1222 1825 e.
1262 1769 1592 1835 occultum,
1626 1770 1831 1824 latens.

534 1836 604 1889 V.
644 1853 728 1889 21.
813 1835 1091 1906 Laedunt]
1147 1839 1513 1912 ,Elegantius
1552 1850 1669 1900 est,
1724 1837 1885 1911 quod
1920 1849 2087 1890 vetus
2125 1835 2308 1890 codex
2344 1837 2623 1910 praebet,
2674 1848 2863 1892 urunt.

453 1905 608 1957 'Nam
645 1921 794 1954 urere
834 1917 921 1958 est
955 1907 1276 1978 premendo
1321 1908 1593 1961 cruciare.
1630 1909 1809 1978 Prop.
1847 1911 1916 1972 4,
1954 1908 2018 1970 3,
2070 1907 2154 1960 23.
2194 1915 2401 1957 teneros
2441 1909 2547 1958 urit
2575 1908 2747 1959 lorica
2780 1911 2867 1957 la-

467 1980 648 2022 certos.
687 1973 832 2029 Hor.
867 1975 1061 2046 Epod.
1096 1979 1151 2042 4,
1170 1981 1224 2033 3.
1292 1975 1519 2026 Iber-icis
1554 1984 1764 2046 peruste
1783 1975 2023 2045 funibus
2068 1977 2239 2028 [amsa
2272 1975 2552 2043 ovidiana
2590 1978 2861 2049 exempla

453 2040 644 2101 ,habet
677 2044 874 2096 But-m.
913 2043 987 2096 ad
1022 2045 1074 2096 h.
1113 2044 1152 2099 l.
1652 2090 1662 2098 .

532 2109 606 2162 V.
646 2127 730 2164 Μ.
801 2109 1091 2192 Frenaque
1121 2113 1219 2164 vix
1257 2114 1488 2184 patitur]
1540 2113 1576 2165 i.
1616 2130 1663 2166 e.
1717 2111 1808 2166 vix
1847 2111 2071 2165 domari
2107 2122 2333 2184 potest,
2380 2127 2447 2171 ut
2482 2131 2573 2185 ap.
2608 2113 2866 2168 Phaedr-

464 2179 530 2245 4,
563 2179 629 2242 3,
667 2198 718 2250 9.
790 2179 970 2250 Atque
995 2189 1074 2232 ita
1104 2183 1276 2254 coegit
1276 2184 1477 2250 frenos
1503 2182 1731 2232 invitam
1762 2180 1897 2250 pati.

533 2245 730 2317 Equus
771 2258 959 2319 captus
997 2250 1063 2302 de
1089 2269 1180 2322 gre
1219 2251 1268 2320 e]
1342 2250 1715 2306 Grammatici
1751 2251 1903 2303 inter
1938 2259 2240 2300 armentum
2284 2261 2344 2305 et
2391 2269 2530 2322 grex
2583 2253 2696 2304 hoc
2746 2251 2867 2305 dis·
2900 2249 2902 2256 ⁴

467 2316 683 2384 crimen
719 2328 1010 2383 statuunt,
1046 2320 1166 2375 uti
1216 2319 1296 2375 ud
1333 2318 1404 2376 de
1458 2319 1801 2374 animalibus
1856 2319 2209 2385 majoribus,
2261 2321 2370 2372 hoc
2419 2320 2490 2374 cle
2534 2320 2902 2374 minoribus.

463 2384 712 2440 dicatur.
786 2387 959 2464 Quod
998 2387 1303 2442 discrimen
1336 2388 1625 2442 interdum
1664 2386 1990 2461 neglectum
2030 2397 2186 2449 esse,
2225 2389 2317 2443 vel
2352 2389 2633 2458 hicllocus
2664 2389 2868 2443 docet.

462 2455 550 2506 De
569 2455 732 2576 eqiijs
767 2473 906 2576 gri-ic
947 2457 1118 2511 etiam
1149 2457 1355 2512 dieitur
1385 2475 1477 2530 ap.
1512 2457 1672 2513 Suet.
1692 2457 1965 2512 Cae3.81.
1994 2454 2065 2510 de
2102 2456 2396 2527 elephantis
2432 2475 2525 2533 ap.
2563 2458 2667 2513 Sil.
2703 2461 2774 2512 It.
2808 2477 2867 2530 9,
2901 2465 2902 2468 ’

535 2540 579 2575 2.
705 2543 721 2575 ι
1117 2565 1132 2580 .

461 2523 716 2647 57νῖ23.
751 2527 1238 2659 νζιιῖἰῗζῖωῗςὶὸἰη
1271 2596 1493 2669 aliquid
1524 2595 1766 2661 dicitur,
1806 2595 1907 2681 qui
1955 2612 2081 2647 rem
2114 2594 2405 2648 difficilem
2440 2607 2542 2651 aut
2570 2596 2870 2715 infir-atam

463 2660 723 2740 suscipit.
791 2664 940 2716 Hinc
977 2665 1483 2736 frequentissimae
1512 2676 1644 2720 sunt
1672 2665 2039 2728 locutiones,
2094 2682 2261 2724 onus,
2288 2665 2521 2735 jugum,
2573 2667 2631 2714 la
2673 2682 2831 2714 orem
2853 2703 2869 2726 ,

457 2738 786 2799 potentiam,
825 2736 1208 2785 contumeliam
1243 2734 1434 2783 subire.
2547 2761 2555 2771 ·

532 2799 605 2853 V.
640 2801 722 2865 24.
797 2796 980 2868 Sedet]
1018 2802 1056 2857 i.
1086 2822 1137 2857 e.
1171 2802 1449 2857 inhaeret.
1486 2801 1635 2855 Plin.
1662 2802 1872 2885 Paneg.
1901 2820 1978 2857 10.
2020 2801 2155 2853 Cum
2179 2800 2393 2852 abunde
2420 2810 2675 2872 expertus
2704 2810 2868 2863 esset,

464 2884 626 2937 quam
649 2868 778 2919 bene
805 2868 1040 2921 humeris
1066 2871 1170 2921 tuis
1195 2870 1398 2921 sederet
1425 2871 1500 2920 im
1540 2875 1727 2923 erium.
1745 2869 1845 2925 ubi
1872 2872 1929 2924 h.
1961 2869 2127 2925 Ovid-
2147 2869 2258 2923 loc·
2282 2882 2603 2941 comparat.
2632 2871 2863 2925 swarz-

539 2934 633 3000 Ut]
704 2936 946 2993 Ponitur
989 2958 1099 3013 pro
1137 2940 1281 3005 ubi‚·
1313 2958 1460 3009 quan
1504 2958 1555 2994 a.
1605 2940 1749 2994 Hor.
1791 2938 1981 2993 Carm.
2025 2943 2093 3004 3,
2152 2958 2205 3002 ι,
2243 2958 2295 3007 q.
2366 2936 2503 3001 Est,
2538 2950 2597 2989 ut
2635 2940 2747 2990 viro
2775 2940 2865 2988 vir

461 3003 626 3054 latius
675 3005 885 3058 ordinet
928 3006 1172 3059 Arbusta
1209 3008 1388 3061 sulcis.
1435 3009 1569 3065 Val.
1614 3007 1803 3063 Flaec.
1856 3028 1878 3061 1
1902 3045 1919 3073 ,
1969 3010 2089 3077 487.
2178 3009 2286 3060 Ille
2329 3016 2389 3059 ut
2427 3027 2481 3060 se
2516 3008 2725 3059 mediae
2751 3026 2863 3080 per

461 3082 614 3123 scuta
642 3074 886 3144 virosque
915 3078 1131 3127 carinae
1167 3077 1380 3129 Intulit.
1419 3096 1471 3129 v.
1498 3078 1690 3133 Helue.
1720 3076 1794 3130 ad
1828 3079 1882 3132 h.
1913 3080 1952 3131 l.
2592 3099 2596 3103 ·

531 3142 602 3196 V.
636 3144 716 3197 25.
754 3159 765 3168 ·
785 3143 842 3192 Α
875 3146 1064 3195 teneris
1091 3145 1271 3210 annis]
1311 3146 1349 3199 i.
1377 3163 1432 3199 e.
1465 3163 1498 3198 a
1544 3146 1815 3217 pueritie.
1886 3147 2084 3218 Saepe
2132 3147 2300 3202 etiam
2335 3166 2369 3197 a
2398 3147 2589 3199 teneris
2616 3145 2862 3209 dicitur,

463 3210 670 3263 omissa
710 3230 854 3267 voce
887 3214 1062 3266 anniS.
1103 3215 1264 3287 Virg.
1294 3214 1438 3268 Geo.
1473 3231 1531 3279 2,
1571 3231 1687 3286 272.
1760 3232 1793 3263 α
1824 3216 2013 3267 teneris
2043 3234 2379 3267 consuescere
2408 3218 2637 3266 multum
2670 3224 2761 3266 est.

531 3278 890 3345 condiscitur]
977 3284 1224 3337 Ponitur
1265 3300 1375 3355 pro
1411 3284 1603 3353 simpl.
1652 3282 1913 3339 discitur.
1949 3285 2065 3340 Cic.
2089 3305 2147 3356 p.
2188 3284 2415 3359 Quinct.
2464 3286 2516 3339 3.
2554 3292 2614 3333 ut
2651 3284 2709 3333 in
2758 3284 2898 3333 tua'

455 3348 686 3417 pecunia
712 3350 1065 3411 condisceret,
1105 3353 1198 3421 qui
1217 3352 1711 3422 pecuniaesructus
1735 3362 1883 3411 esset.
1920 3354 2149 3408 Colum.
2183 3357 2249 3407 R.
2269 3345 2341 3407 R.
2370 3356 2437 3420 4,
2479 3353 2561 3407 15.
2608 3361 2669 3402 ut
2689 3355 2869 3422 paul-

461 3415 618 3465 latim
641 3418 914 3469 condiscat
936 3420 1048 3471 suis
1076 3420 1350 3471 radicibus
1376 3421 1474 3475 ali.
1510 3441 1565 3475 v,
1585 3421 1779 3493 Intpp.
1804 3422 1877 3475 ad
1904 3423 2007 3480 Sil,
2037 3423 2169 3477 Ital,
2206 3443 2258 3494 7,
2294 3425 2413 3489 46ι.

528 3486 604 3538 V.
634 3488 714 3541 26.
789 3486 943 3557 Quae
977 3490 1137 3559 venit]
1205 3490 1545 3544 Necessaria
1573 3501 1659 3544 est
1676 3491 1890 3545 Heinsii
1914 3491 2241 3547 emendatio
2264 3490 2351 3541 cui
2381 3488 2521 3541 venit
2556 3506 2631 3544 sc.
2661 3506 2856 3544 amor.
2896 3490 2898 3497 '

460 3554 604 3607 Nam
625 3556 882 3609 refertur
903 3557 976 3610 ad
1002 3558 1434 3631 praecedentia,
1478 3558 1643 3608 Venit
1668 3578 1827 3610 amor
1857 3562 2075 3630 gravius
2100 3580 2205 3631 quo
2225 3559 2409 3612 serius.
2436 3555 2635 3607 Venire
2650 3568 2855 3611 autem

459 3625 801 3677 non·solum
826 3625 981 3679 bona
1001 3665 1018 3692 ,
1053 3628 1158 3681 sed
1185 3628 1356 3681 etiam
1385 3628 1535 3681 mala
1558 3666 1575 3693 ‚
1604 3627 1923 3694 dicuntur,
1976 3641 2043 3683 ut
2074 3629 2267 3685 multis
2304 3645 2462 3681 exem
2510 3625 2579 3679 lis
2607 3628 2856 3699 planum

460 3692 596 3746 fecit
627 3693 822 3751 Heius.
859 3693 933 3747 ad
962 3695 1020 3748 h.
1062 3697 1098 3749 l.
1129 3706 1189 3751 et
1217 3694 1290 3749 ad
1327 3697 1481 3753 Fast.
1522 3698 1575 3759 5,
1610 3698 1731 3763 648-
1802 3697 2051 3751 Phaedr.
2094 3718 2141 3762 ι,
2182 3715 2233 3758 2,
2268 3698 2355 3752 31.
2490 3713 2553 3745 oc
2577 3695 2852 3755 sustinete,

459 3763 639 3831 majus
666 3780 736 3812 ne
763 3763 940 3813 veniat
969 3767 1198 3819 malum.
1237 3766 1357 3819 Liv.
1387 3766 1456 3831 3,
1494 3770 1579 3823 56.
1652 3763 1947 3837 Superbiae
1982 3765 2388 3835 crudelitatique
2414 3764 2510 3815 etsi
2534 3782 2698 3826 seras,
2735 3782 2857 3813 non

458 3832 598 3881 leves
621 3840 802 3881 tamen
819 3870 832 3891 ,
872 3833 1045 3883 venire
1073 3849 1296 3903 poenas.
2305 3897 2309 3902 1

529 3898 756 3949 Exacto
786 3904 1046 3971 tempore]
1117 3902 1154 3955 i.
1173 3920 1223 3959 e.
1251 3902 1379 3956 fere
1407 3902 1483 3957 ad
1496 3903 1669 3957 finem
1693 3901 2152 3975 perducto.Liv.
2173 3920 2223 3969 a,
2246 3904 2333 3969 4ο.
2368 3900 2513 3953 lianc
2538 3918 2696 3972 saepe
2724 3918 2855 3950 eum

461 3977 660 4019 exacta
679 3977 854 4019 aetate
872 3988 1011 4020 usur
1049 3989 1166 4022 asse
1188 3988 1390 4037 vocem,
1425 3972 1531 4025 ubi
1552 3992 1603 4025 v.
1632 3972 1929 4025 Drakenb.
1943 3990 1963 4039 3
1990 3971 2110 4025 Cic.
2129 3972 2299 4039 Vepr·
2323 3990 2371 4036 ι,
2414 3972 2493 4025 18.
2568 3969 2854 4021 Latonam

459 4037 745 4108 gravidam
775 4040 1004 4119 tempori
1039 4059 1103 4091 us
1132 4040 1340 4090 exactis
1371 4041 1673 4111 confugisse
1704 4039 1929 4091 Delum.
1967 4040 2142 4111 Prop.
2180 4058 2201 4091 ι
2224 4078 2241 4105 ,
2278 4041 2334 4104 3,
2368 4041 2454 4096 38.
2522 4038 2854 4109 Languidus

460 4106 670 4157 exactis
692 4106 780 4155 hei
805 4107 941 4156 mihi
957 4146 972 4169 ,
1007 4108 1288 4163 sideribus.
1324 4110 1539 4163 Lucan.
1568 4125 1619 4172 2,
1653 4110 1773 4181 577.
1843 4110 1991 4176 Ante
2020 4109 2101 4159 bis
2129 4116 2387 4159 exactum
2450 4126 2581 4157 uam
2611 4106 2852 4175 Cynthia

460 4173 708 4225 conderet
739 4176 940 4228 arbem·
975 4196 1026 4231 v.
1051 4179 1260 4234 Graev.
1287 4178 1447 4235 Lect.
1476 4180 1611 4231 Hes.
1649 4194 1733 4233 20.
1781 4196 1838 4250 p.
1862 4179 1979 4234 103.
2048 4177 2271 4231 Eodem
2308 4195 2404 4231 mo
2450 4193 2489 4230 ο
2534 4177 2669 4228 actis
2699 4194 2853 4225 men-

457 4241 633 4301 sibus,
683 4244 818 4295 actis
858 4246 1015 4297 annis
1055 4244 1284 4303 dicitur.
1321 4248 1466 4299 Met.
1506 4265 1569 4312 2,
1620 4248 1737 4319 497.
1817 4246 1923 4298 Ter
1966 4247 2199 4317 quinque
2222 4248 2351 4316 sere
2380 4245 2656 4297 natalibus
2691 4244 2847 4295 actis.

457 4310 561 4366 ubi
591 4330 646 4367 V.
675 4312 870 4367 Heius.
905 4314 980 4367 ed
1005 4318 1201 4371 Burm.
1221 4313 1372 4369 Add.
1403 4314 1651 4380 Phaedr.
1690 4335 1741 4382 ι,
1780 4315 1866 4380 18,
1906 4333 1957 4370 2.
2377 4330 2380 4336 ’

491 4377 698 4448 ·Pejus
725 4385 899 4448 amat]
939 4382 974 4439 ἰ.
1016 4403 1068 4439 e.
1110 4385 1537 4450 vehementius,
1583 4384 1883 4440 ardentius
1930 4392 2096 4438 amat·
2140 4382 2261 4437 -sic
2300 4382 2413 4455 Ep.
2458 4401 2527 4449 ⁴7,
2578 4382 2664 4436 30.
2738 4378 2852 4431 Sed

461 4466 654 4521 querar
698 4449 960 4519 infidum,
1015 4462 1305 4523 questaque
1347 4455 1503 4533 pejus
1546 4472 1690 4505 amo.
1765 4453 1861 4509 Sic
1911 4468 2002 4523 ap.
2049 4450 2319 4507 Plautum
2351 4453 2494 4504 male
2524 4452 2705 4501 timere
2736 4469 2849 4521 pro

462 4518 630 4574 valde
663 4520 895 4587 timere,
932 4524 1076 4573 male
1095 4540 1357 4574 macerari
1385 4540 1499 4595 pro
1529 4523 1899 4579 vehementer
1931 4520 2231 4575 macerari.
