2909 5050
476 261 525 323 6
684 319 699 343 x
1390 260 1462 312 D.
1501 257 1570 310 R.
1606 253 1941 310 DICTATA

474 429 605 462 aera
630 419 874 480 carpunt.
914 407 1001 470 ld„
1041 407 1180 460 Aen·
1218 409 1287 468 3.
1323 408 1445 473 456.
1483 407 1780 477 iterumque
1797 406 2091 473 iterumque
2121 403 2372 457 monebo.
2417 405 2588 462 0v.E
2638 439 2650 452 .
2673 423 2733 470 α,
2776 423 2871 478 ¹²9·

474 479 654 530 minus
683 489 732 532 et
757 479 935 528 minus
957 476 1102 527 utilis
1129 475 1303 528 adsto.
1378 474 1656 530 Similiter
1691 474 1902 532 dicitur
1931 475 2052 540 jam
2081 473 2334 542 jamque,
2383 474 2543 542 longe
2615 492 2870 544 vageque,

476 547 572 599 diu
615 547 843 618 diuque,
894 545 1073 596 carior
1105 545 1384 615 cariorque
1423 556 1480 598 et
1517 556 1731 599 cetera.
1765 563 1815 596 v.
1854 544 1979 614 intp
2028 579 2041 593 .
2083 539 2158 593 ad
2197 541 2249 597 h.
2289 542 2324 594 l.
2377 541 2644 614 inprimis
2683 546 2869 598 Bentl.

476 616 550 672 ad
585 617 727 669 Hor.
767 617 951 672 Ser-m.
991 635 1012 667 1
1036 652 1052 679 ,
1088 617 1157 678 6,
1203 617 1282 670 ι8.
1359 611 1625 667 Oudend.
1667 611 1740 665 ad
1777 612 1952 684 Apul.
1983 561 2128 665 iiiet.
2171 627 2217 666 2.
2258 630 2317 682 p.
2359 629 2475 677 ¹70·

545 687 618 740 V.
647 688 732 752 42.
812 683 1054 754 Tangere
1084 682 1283 752 castra]
1330 685 1430 736 Est
1462 683 1769 752 pervenire
1800 682 1858 733 in
1892 691 2093 733 castra.
2168 678 2286 732 Cic.
2320 680 2498 733 Ver-r.
2539 700 2559 732 ι
2584 719 2602 745 ,
2646 699 2732 734 ιο.
2797 679 2868 731 Si·

476 756 659 804 malac
701 752 871 822 tetigit
912 749 1265 822 provinciam.
1300 769 1411 822 pro
1446 769 1567 822 quo
1601 751 1762 804 Suet.
1803 751 1978 818 Vesp.
2011 751 2061 812 4.
2096 748 2232 801 dicit
2253 769 2268 800 ε
2299 757 2358 798 ut
2381 749 2626 816 primum
2659 751 2870 820 provin-

476 823 617 874 ciam
638 821 829 892 attigit.
867 823 972 876 Ov.
1008 822 1117 892 Ep.
1140 821 1195 885 6,
1239 839 1285 874 ι.
1316 818 1530 870 Liuor-'a
1559 817 1866 870 Thessaliae
1894 817 2082 868 reduci
2099 815 2325 888 tetigt'sse
2347 817 2554 874 carina,
2595 837 2645 872 v.
2679 821 2869 872 Banu,

476 890 549 944 ad
571 892 641 944 ·h.
679 891 719 944 l.

545 975 620 1028 V.
654 975 736 1042 44.
804 971 1195 1042 Bene‚cautus]
1265 975 1299 1028 i.
1330 991 1377 1030 e,
1410 961 1808 1040 cautissimus3
1843 989 1975 1026 nam
2005 971 2133 1021 bene
2163 980 2336 1042 auget
2369 971 2872 1043 significationem,

475 1056 543 1100 ut
563 1039 811 1096 ‘dicimus
846 1041 975 1092 bene
1006 1052 1289 1121 nurnatus,
1361 1043 1490 1093 bene
1514 1051 1675 1113 potus
1693 1061 1720 1100 ,·
1745 1041 1874 1091 bene
1901 1059 2060 1090 mane
2089 1049 2201 1094 etc.

542 1129 618 1182 V.
639 1131 731 1194 45.
810 1125 987 1196 Usque
1023 1138 1166 1178 metu
1197 1128 1427 1180 micuere
1456 1127 1627 1196 sinus]
1681 1125 2056 1180 constructio
2085 1125 2228 1177 haec
2255 1137 2372 1180 est:
2409 1125 2582 1179 Sinus
2615 1129 2868 1180 micuere

472 1208 651 1262 metu,
676 1214 743 1249 us
786 1213 859 1248 ue
896 1195 1030 1248 dum
1057 1195 1244 1250 victor
1264 1197 1447 1251 dictus
1479 1213 1558 1251 es.
1613 1193 1818 1245 Micare
1848 1193 2060 1248 dicitur
2091 1193 2163 1246 de
2190 1204 2354 1248 motu
2385 1195 2665 1260 tremule,
2703 1194 2872 1248 celeri

477 1278 535 1320 et
566 1265 727 1320 brevi
780 1263 933 1328 ucis,
972 1278 1032 1321 et
1062 1267 1303 1323 aliarum
1338 1273 1564 1330 rerum'3
1620 1274 1677 1317 et
1709 1264 1840 1317 hinc
1883 1263 2234 1318 transfertur
2279 1263 2350 1315 ad
2393 1275 2616 1316 motum
2657 1264 2871 1325 cardis.

472 1337 684 1389 timore
716 1333 911 1404 agitati
932 1371 947 1397 ,
986 1345 1053 1388 ut
1080 1335 1273 1389 multis
1306 1334 1576 1404 exemplis
1623 1333 1860 1404 planum
1895 1331 2034 1386 fecit
2069 1331 2263 1384 Heius.
2299 1331 2386 1384 ad'
2412 1333 2466 1384 h.
2497 1333 2534 1384 l.
2569 1333 2794 1385 Tihuu.
2829 1351 2866 1396 1,

478 1422 535 1457 ιι
565 1442 582 1470 ,
622 1405 702 1458 ι3.
742 1419 838 1451 nec
860 1401 1128 1452 audissem
1158 1403 1316 1454 corde
1348 1404 1578 1453 micante
1620 1402 1834 1462 tubam,
1882 1401 1984 1454 uhi
2021 1423 2070 1456 v.
2100 1401 2360 1455 Broulth.
2437 1401 2734 1454 Hic'sinus
2780 1401 2868 1454 mi·

475 1489 609 1526 care
632 1472 920 1538 dicuntur,
956 1483 1021 1526 ut
1038 1473 1147 1543 Ep.
1174 1474 1229 1539 5,
1267 1473 1347 1540 37.
1420 1470 1660 1521 Attoniti
1687 1470 1914 1520 micuere
1945 1469 2109 1527 sinus.
2151 1469 2288 1524 *Est
2319 1481 2514 1524 autem
2546 1470 2710 1524 sinus
2742 1487 2868 1544 pars

473 1541 745 1606 vestium,
786 1559 938 1613 quae
972 1553 1181 1612 pectus
1214 1543 1373 1614 tegit.

542 1635 619 1688 V.
640 1635 729 1700 46.
802 1634 1073 1703 Ismariis]
1143 1635 1181 1687 i.
1222 1653 1272 1689 e.
1308 1635 1586 1688 Thraciis.
1618 1635 1870 1687 Ismarus
1905 1633 2054 1686 enim
2083 1633 2228 1686 urbs
2255 1633 2536 1686 Thraciae
2569 1633 2868 1702 Ciconum.

472 1721 527 1758 v.
564 1702 666 1757 Ste
710 1704 765 1758 h.
796 1705 931 1773 Byz.
962 1703 1021 1756 in
1048 1724 1101 1758 v.
1142 1703 1283 1757 Inde
1321 1703 1478 1775 apud
1511 1716 1721 1776 poetas
1747 1703 2018 1755 Ismarius
2052 1720 2162 1772 pro
2199 1703 2500 1768 Thracius.
2547 1723 2599 1755 v.
2635 1703 2754 1772 Ep.
2795 1705 2864 1764 15,

454 1775 589 1838 454.
657 1722 857 1832 xmor.
889 1789 950 1833 2,
988 1775 1042 1834 6,
1081 1792 1133 1838 7.
1206 1771 1357 1856 Equi
1382 1771 1574 1826 autem
1605 1771 1825 1820 Ismarii
1856 1780 1988 1824 sunt
2014 1770 2208 1837 Rhesi,
2247 1771 2527 1846 Thraciae
2559 1771 2740 1844 regis,
2779 1770 2866 1844 qui

474 1839 521 1894 si
552 1857 620 1893 ex
640 1843 873 1914 Xantho
904 1841 1113 1909 Trojae
1144 1841 1321 1896 fluvio
1346 1841 1651 1906 bibissent,
1689 1840 1747 1892 in
1775 1839 1908 1895 fatis
1938 1851 2086 1905 erat,
2115 1841 2350 1909 Troiam
2384 1841 2510 1912 capi
2530 1859 2652 1895 non
2675 1858 2864 1911 posse.

475 1931 530 1964 v·
555 1909 665 1962 Vir·
705 1953 717 1966 .
751 1915 896 1965 Aen.
934 1929 956 1962 1
982 1948 999 1972 ,
1036 1913 1153 1983 469·
1193 1923 1253 1980 et
1288 1911 1453 1966 Serv.

538 1977 655 2028 Isse
746 1979 836 2031 Ire
862 1979 1012 2049 equis
1047 1978 1268 2053 duplici
1294 1980 1524 2034 ratione
1560 1989 1907 2050 usurpatur3
1947 1994 2080 2030 nam
2109 1976 2356 2049 prim-um
2384 1985 2509 2026 eunt
2536 1977 2712 2046 equis,
2773 1977 2865 2050 qui

472 2047 637 2120 equis
668 2049 935 2103 insident,
1006 2050 1151 2104 Hor,
1185 2070 1230 2102 ι.
1274 2048 1462 2104 Serm,
1489 2050 1552 2114 6,
1610 2049 1726 2112 104.
1765 2055 1914 2098 carto
1960 2047 2084 2098 licet
2131 2045 2206 2094 ire
2249 2047 2418 2100 mulo.
2486 2045 2610 2098 Liv.
2666 2067 2688 2098 1
2717 2085 2734 2112 ,
2789 2050 2862 2102 15.

472 2115 666 2198 quique
696 2136 817 2166 cum
851 2133 912 2167 eo
942 2117 1089 2198 equis
1115 2119 1303 2171 ierant.
1342 2117 1441 2170 ubi
1475 2137 1523 2169 v.
1555 2119 1816 2172 Gronov.
1900 2113 2120 2168 Deinde
2153 2114 2301 2183 equis
2331 2123 2484 2173 eunt,
2535 2116 2638 2188 qui
2669 2117 2862 2180 currui

468 2184 722 2258 insidqst
748 2185 824 2238 ab
859 2200 1023 2257 cquls
1051 2197 1241 2239 tracto
1255 2204 1273 2252 3
1323 2204 1453 2239 nam
1499 2185 1802 2256 utriusque
1829 2182 2060 2256 linguae
2104 2183 2420 2256 scriptores
2469 2201 2648 2254 saepe
2691 2203 2862 2254 equos,

469 2253 676 2312 leones,
712 2253 872 2324 tigres
900 2266 1111 2308 vocant
1144 2253 1542 2320 currum,·cui
1570 2254 1716 2306 haec
1751 2253 2016 2306 animalia
2043 2253 2378 2326 junguntur.
2449 2254 2550 2306 Ov.
2579 2255 2636 2308 3.
2672 2255 2783 2325 Ep.
2815 2257 2859 2319 4.

474 2339 545 2374 ει
588 2323 777 2376 Ponto
812 2341 900 2394 99.
948 2322 1245 2393 geminabit
1282 2322 1544 2372 honorem
1593 2319 1800 2380 Filius,
1852 2331 1902 2372 et
1941 2321 2171 2387 junctis,
2225 2327 2284 2370 ut
2325 2321 2505 2390 prius,
2555 2322 2656 2372 ibit
2705 2323 2860 2391 equis.

469 2391 579 2462 Ep,
616 2409 678 2454 2,
714 2392 800 2447 80.
866 2392 1043 2461 Inque
1068 2392 1369 2462 capistratis
1400 2391 1624 2462 tigribus
1651 2393 1764 2440 alta
1797 2389 1957 2444 sedet.
1995 2409 2048 2445 v,
2084 2407 2232 2464 quae
2260 2390 2588 2443 notavimus
2633 2390 2709 2444 ad
2743 2387 2863 2444 Cal·

468 2458 587 2514 lim.
613 2461 771 2543 1131„
818 2460 952 2515 Cer.
995 2463 1082 2531 87.
1156 2464 1241 2515 Ita
1287 2479 1359 2510 ex
1400 2460 1551 2531 equis
1593 2475 1854 2534 pugnare
1894 2477 2007 2533 pro
2049 2476 2081 2512 e
2131 2477 2308 2514 curru
2348 2469 2608 2532 pugnare
2655 2461 2858 2533 passim

470 2541 744 2583 occurrlt.
1366 2552 1371 2557 ·
1777 2546 1782 2554 ·

478 2603 485 2610 ‘
538 2598 611 2649 V.
641 2601 728 2663 47.
798 2596 1069 2665 Disjecta]
1138 2597 1399 2663 Dissicere
1430 2609 1522 2651 est
1549 2597 1628 2650 sic
1661 2608 1924 2651 evertere
1952 2607 2010 2649 et
2041 2596 2375 2660 destruere,
2424 2597 2572 2651 utin
2605 2598 2857 2652 diversas

463 2678 663 2739 partes
691 2677 967 2739 tanquam
996 2668 1208 2735 jactum
1244 2666 1560 2738 frangatur·
1629 2668 1864 2720 Metam.
1902 2682 1994 2730 η,
2037 2667 2150 2721 ιο8.
2193 2669 2276 2716 vel
2311 2684 2432 2716 cum
2465 2664 2736 2735 Lyrnesia
2760 2668 2860 2737 pri-

466 2752 587 2784 mus
614 2732 834 2785 Moenia
866 2734 1061 2802 disjeci.
1099 2736 1201 2789 uhi
1232 2754 1283 2790 v.
1314 2736 1511 2789 Heius.
1543 2736 1680 2791 Val.
1712 2738 1868 2791 Max.
1906 2753 1926 2786 1
1952 2772 1968 2798 ,
2004 2736 2059 2798 5,
2104 2754 2150 2789 ι.
2188 2754 2222 2783 u
2255 2734 2316 2785 be
2347 2754 2382 2785 a
2419 2734 2598 2786 Gallis
2620 2736 2855 2805 disjecta.

463 2803 644 2856 Plura
680 2804 942 2875 exempla
976 2804 1261 2875 congessit
1300 2804 1598 2857 Drakenh.
1636 2803 1710 2857 ad
1736 2804 1842 2858 Sil.
1871 2803 1998 2856 Ital.
2023 2821 2112 2874 9,·
2145 2804 2212 2859 53
2251 2841 2266 2856 .

532 2896 607 2951 V.
633 2894 725 2965 48.
799 2894 961 2964 Ilios]
1034 2897 1253 2951 Graeca
1280 2897 1472 2950 forma
1511 2908 1570 2950 et
1593 2896 1733 2952 fem.
1771 2903 1983 2967 genere
2009 2895 2220 2951 dicitur
2251 2915 2364 2969 pro
2383 2897 2570 2955 Ilium,
2597 2916 2651 2953 v.
2669 2900 2858 2955 Heius,

462 2962 539 3017 ad
564 2964 619 3019 h.
651 2966 693 3017 l.
729 2976 787 3019 et
817 2966 1007 3023 Bentl.
1040 2966 1114 3019 ad
1146 2968 1291 3019 Hor.
1318 2968 1369 3023 3.
1409 2985 1582 3021 carm.
1613 2968 1680 3031 3,
1724 2968 1804 3019 23.
2053 3004 2065 3042 1

486 3094 493 3098 .
529 3047 623 3109 Et,
652 3068 837 3100 murus
867 3049 1015 3120 quod
1033 3050 1145 3115 suit
1176 3059 1319 3117 ante,
1358 3052 1571 3173 solum}
1630 3052 1686 3107 h.
1719 3070 1770 3103 e.
1808 3050 1952 3123 quid
1981 3050 2116 3103 mihi
2191 3050 2411 3115 rodest,
2447 3070 2677 3104 murum
2714 3072 2855 3107 nuuc

463 3133 589 3171 esse
636 3136 975 3181 conversum
1012 3120 1069 3172 in
1115 3120 1337 3181 solum,
1408 3140 1528 3193 quo
1619 3120 1773 3174 arari
1820 3120 2025 3191 possit.
2173 3119 2302 3173 SSti
2346 3119 2581 3191 quidam
2625 3122 2856 3203 legunt:

460 3185 686 3255 quisuit
715 3195 871 3250 ante,
914 3204 1067 3259 quae
1093 3206 1227 3242 vera
1258 3188 1431 3243 lectio
1469 3200 1584 3253 est,
1621 3188 1726 3242 sed
1755 3198 1977 3243 mutata
2004 3206 2038 3242 a
2077 3186 2358 3253 librariiS‚
2417 3189 2515 3261 qui
2547 3203 2855 3251 nescu-ent,

456 3272 790 3325 pronomen
812 3256 1120 3311 relativum
1144 3274 1319 3328 saepe
1350 3260 1658 3311 convenire
1691 3277 1816 3311 cum
1849 3258 2135 3329 sequenti.
2210 3258 2330 3312 Cic.
2356 3278 2414 3330 p.
2449 3258 2602 3312 Sext.
2636 3262 2726 3325 42.
2753 3268 2856 3309 tum

459 3322 739 3390 domicilia
762 3326 1076 3391 conjuncta,
1128 3344 1265 3395 quas
1302 3326 1458 3378 urbes
1503 3326 1748 3381 dicimus.
1787 3327 1860 3380 de
1899 3326 2062 3381 amic.
2099 3330 2178 3395 14.
2216 3326 2612 3387 benevolentia,
2663 3330 2758 3397 qui
2789 3337 2856 3378 est

458 3391 729 3442 amicitiae
752 3393 895 3458 fons
941 3413 976 3443 a
1019 3403 1215 3444 natura
1259 3396 1590 3449 constitutus,
1665 3396 1804 3452 Sall.
1854 3396 2019 3449 Catil.
2049 3398 2134 3452 55.
2205 3394 2309 3447 Est
2350 3398 2501 3446 locus
2532 3396 2588 3444 in
2633 3416 2852 3457 carcere,

458 3460 609 3529 quod
645 3458 701 3509 T
694 3461 961 3511 allianum
997 3473 1239 3519 vocatur.
1278 3484 1332 3518 v.
1378 3466 1549 3531 Voss.
1588 3464 1660 3519 de
1692 3475 1907 3519 constr·-
1955 3466 2040 3520 55.
2084 3477 2142 3520 et
2182 3466 2273 3519 Int
2320 3484 2380 3536 p.
2416 3464 2488 3517 ad
2506 3464 2624 3522 Liv.
2651 3468 2745 3531 32,
2774 3468 2850 3519 3ο.

458 3529 694 3648 Optime}
734 3530 793 3581 in
820 3531 961 3586 Mss.
993 3550 1087 3605 ap.
1110 3532 1385 3607 Heusing.
1426 3534 1538 3593 ,hic
1565 3552 1770 3588 versus
1807 3534 1888 3587 sic
1919 3534 2164 3607 legiturz
2227 3483 2333 3593 Εἶτ’,
2387 3552 2570 3583 murus
2611 3536 2706 3604 qui
2723 3535 2851 3605 suit,

452 3616 560 3649 esse
598 3614 666 3649 so
690 3616 805 3652 um.
1657 3630 1686 3661 0

521 3668 595 3721 V.
622 3668 710 3741 49.
790 3666 961 3737 Troja
998 3668 1249 3739 durante]
1320 3672 1376 3724 h.
1416 3688 1467 3727 e.
1499 3683 1726 3737 stante,
1773 3670 2102 3745 superstite.

427 3830 431 3837 ι
518 3760 600 3814 V.
629 3764 713 3817 50.
790 3760 1196 3831 Virque-abes]
1249 3762 1478 3818 Dicitur
1505 3782 1619 3837 pro
1651 3772 1708 3813 tu
1738 3764 1816 3826 vir
1847 3764 1990 3823 abes,
2029 3761 2134 3817 sed
2168 3765 2519 3835 pronomina
2593 3766 2773 3819 rimae
2801 3774 2852 3819 et

454 3829 741 3883 secundae
772 3846 1067 3904 personae
1094 3849 1223 3902 ego,
1259 3851 1386 3895 nos,
1424 3841 1512 3893 tu,
1553 3837 1644 3885 vos
1681 3832 1981 3905 eleganter
2015 3831 2207 3888 omitti
2241 3834 2451 3902 solent.
2591 3854 2665 3889 ox
2686 3856 2740 3890 ν.
2771 3836 2848 3899 537.

454 3897 621 3947 victor
653 3898 805 3955 abes.
830 3902 940 3973 Ep.
961 3916 1014 3965 2,
1053 3920 1098 3955 1.
1131 3900 1369 3973 Hospita
1401 3900 1772 3971 Demophoon
1802 3911 1896 3951 tua
1928 3902 2211 3953 tei-abesse
2236 3919 2446 3971 queror.
2483 3904 2649 3976 Virg.
2671 3904 2850 3973 1‘‚595.

452 3963 685 4026 Coram,
740 3987 899 4038 quem
943 3970 1228 4039 quaeritis,
1268 3970 1480 4026 adsum.
1553 3972 1671 4025 Liv.
1702 3986 1763 4039 2,
1825 3987 1906 4023 ια.
1945 3969 2114 4023 hostis
2157 3969 2366 4023 hostem
2413 3972 2650 4025 occidere
2691 3971 2845 4023 volui.

418 4036 429 4050 ⁸
451 4052 502 4086 v.
546 4035 798 4091 Gronov.
830 4048 889 4091 et
913 4039 1207 4093 Drakenb.
1242 4040 1316 4094 ad
1348 4041 1464 4094 Liv.
1497 4046 1600 4102 32,
1637 4057 1722 4095 21.
2441 4062 2448 4071 ’

517 4099 721 4221 Degia
734 4104 881 4175 fine]
954 4107 1010 4163 h.
1042 4124 1093 4162 e.
1138 4110 1260 4163 sine
1305 4110 1438 4166 fine.
1507 4111 1683 4164 Trist.
1709 4110 1778 4176 3,
1829 4126 1926 4177 ιι,
1981 4128 2030 4167 2.
2081 4106 2276 4178 Meque
2322 4127 2474 4163 reum
2519 4110 2700 4162 demto
2741 4108 2847 4178 fine

444 4186 607 4221 cruen
668 4192 694 4223 s
735 4192 888 4246 agas.

514 4266 593 4319 V.
624 4266 711 4321 51.
782 4266 949 4338 Aliis]
1020 4269 1234 4324 Sensus
1269 4280 1386 4324 est:
1423 4246 1655 4325 Utffitas
1691 4288 1760 4324 ex
1809 4271 1989 4340 Troia
2039 4269 2231 4328 diruta
2274 4272 2547 4345 pervenit
2592 4272 2667 4328 ad
2709 4272 2842 4327 alias

442 4346 676 4399 uxot-ee,
720 4352 871 4409 quae
902 4338 1143 4394 maritos
1176 4336 1251 4391 ad
1278 4356 1341 4391 se
1365 4350 1743 4409 receperunt,
1780 4359 1898 4394 non
1931 4338 2004 4393 ad
2027 4356 2142 4404 me,
2181 4342 2346 4409 cujus
2377 4342 2639 4408 marituS,
2681 4342 2842 4394 etiam

442 4413 578 4526 gost
609 4405 845 4473 Trojam
886 4423 1176 4473 eversam,
1228 4408 1411 4462 abest.
1485 4407 1631 4459 Aliis
1675 4419 1762 4465 est
1800 4409 2025 4464 dativus
2072 4410 2397 4480 commodi3
2451 4410 2586 4461 milu‘
2626 4410 2841 4465 dativus

484 4473 670 4538 amni,
708 4484 777 4528 ut
808 4474 1172 4531 Grammatici
1198 4476 1550 4551 loquuntur.

511 4540 768 4613 Restant]
838 4542 876 4597 i.
910 4562 962 4599 e.
994 4556 1324 4617 supersunt.
1393 4548 1516 4602 Hoc
1541 4547 1946 4604 hemistichion
1975 4548 2272 4622 repetitur
2307 4550 2544 4605 Metam.
2583 4552 2677 4617 13,
2729 4550 2842 4617 507.
