2909 5050
2838 183 2869 196 -o

444 245 553 322 14
1377 255 1463 308 ι).-
1490 255 1554 306 n.
1590 256 1922 311 mcum
1980 281 2016 314 -.

507 399 556 456 S
671 405 806 473 aris]
877 402 1059 458 Statua·
1087 403 1322 470 dicitur,
1359 406 1521 474 cujus
1548 415 1739 460 statua
1762 409 2025 479 ponitur.
2063 406 2163 462 Sil.
2190 407 2255 461 lt.
2284 397 2351 469 Β,
2404 406 2521 464 231.
2591 404 2701 458 Ast
2738 424 2843 476 ego

441 480 510 539 te,
538 490 600 524 co
654 492 758 545 pos
780 493 1016 546 pugnae,
1044 471 1388 544 Carthaginis
1417 491 1538 524 arce
1556 471 1880 526 Marmoreis
1896 476 2082 528 sistam
2097 475 2325 546 templis,
2356 476 2457 528 ubi
2476 477 2542 531 N.
2560 475 2851 532 Heinsius

439 540 593 597 idem
621 543 865 598 verbum
887 551 1124 594 statuam
1153 543 1360 615 reponi
1391 543 1630 596 volebat
1651 582 1668 610 ‚
1704 544 1806 598 sed
1832 545 2016 596 sistam
2051 545 2293 599 eandem
2326 545 2435 598 vim
2465 545 2659 600 habet.

509 613 582 667 V.
616 613 704 683 69.
777 611 990 682 Scyron
1016 613 1205 678 lectus]
1276 612 1394 666 scil.
1421 611 1482 664 in
1514 613 2145 685 inscriptione‘statuae
2166 651 2183 679 ‚
2218 613 2279 666 in
2304 629 2443 688 ‚qua
2482 615 2692 669 Thesei
2737 616 2847 668 res

479 692 637 736 estae
665 680 1091 736 referebantur.
1159 679 1236 735 Se
1307 698 1419 746 on,
1455 683 1798 737 Procrustes
1830 695 1886 736 et
1914 681 2064 737 Sinis
2089 683 2347 737 latrones
2378 683 2642 749 fuerunt,
2683 700 2847 758 quos

489 751 696 809 heseus
723 750 1030 804 interfecit.
1097 751 1186 803 De
1266 750 1308 803 is
1353 750 1623 818 omnihus
1663 771 1719 804 v,
1756 751 1925 807 Ovid.
1959 753 2101 806 Met.
2134 769 2203 822 7,
2240 753 2362 818 404.
2400 769 2529 827 sqq.
2572 771 2669 820 ιω,
2712 771 2844 822 227.

431 821 648 874 Metire.
683 817 742 872 in
779 819 950 872 Thes.
985 828 1045 872 et
1077 818 1361 874 Meziriac.
1398 819 1474 872 ad
1511 819 1566 875 h.
1603 820 1643 874 l.
2314 833 2323 854 ‘

503 889 578 944 V.
645 905 698 941 o.
777 886 948 937 Tauri
973 885 1447 957 mistaquesornm
1481 888 1600 954 oin]
1670 889 1726 946 h.
1754 906 1803 942 e.
1832 889 2236 956 Minotaurum,
2271 899 2441 944 natus
2470 907 2539 944 ex
2565 899 2745 944 tauro
2782 899 2851 941 et

433 907 754 1029 Pasiphae,
789 971 972 1008 uxore
1005 954 1250 1020 Μίιιοὶε,
1288 975 1355 1008 re
1393 957 1440 1009 is
1468 956 1699 1010 Cretae.
2450 1003 2460 1016 ,

364 1071 372 1084 ,
502 1025 578 1081 V.
613 1044 696 1096 7¹·
766 1021 1028 1074 Bomitae
1063 1023 1202 1073 beilo
1241 973 1481 1090 The-igme]
1550 1027 1639 1080 De
1669 1026 1776 1080 hac
1806 1027 2015 1080 Thesei
2060 1025 2425 1099 expeditione
2468 1047 2521 1084 vr.
2551 1024 2848 1100 Apollod.

430 1095 466 1151 ὃ
485 1133 502 1162 ,
577 1134 590 1148 .
623 1105 682 1147 et
706 1091 994 1146 Meziriac.
1024 1091 1097 1145 ad
1125 1092 1183 1148 h.
1211 1093 1250 1147 1.
1299 1119 1304 1124 ·
2314 1135 2319 1138 -

501 1112 738 1232 binique
784 1160 1123 1225 bimembres]
1178 1162 1232 1215 h.
1278 1181 1325 1216 e.
1363 1161 1671 1227 Centauri,
1724 1164 1823 1238 qui
1861 1181 1893 1217 a
1934 1163 2106 1237 parte
2166 1162 2472 1237 superiore
2528 1163 2843 1229 homines,

431 1231 507 1284 ab
533 1229 813 1285 inferiore
846 1228 978 1302 equi
1015 1243 1199 1286 erant.
1239 1251 1290 1284 v.
1331 1233 1436 1288 Ov.
1474 1233 1619 1288 Met.
1671 1249 1751 1288 ια.
1778 1233 1827 1286 1.
1870 1239 1925 1286 e.
2281 1281 2298 1288 „

497 1301 575 1354 V.
613 1318 701 1368 72·
774 1295 1008 1362 Pulsate
1052 1299 1204 1370 nigra·
1231 1301 1377 1370 regia
1426 1319 1587 1352 caeca
1629 1299 1764 1367 Dei]
1832 1301 2093 1358 Pulsavit
2143 1301 2399 1356 Theseus
2441 1300 2602 1356 fores
2626 1301 2843 1372 regiae

425 1368 570 1442 nigri
599 1368 728 1434 Dei,
759 1368 854 1420 vel
880 1368 1177 1432 Plutonis,
1214 1381 1278 1423 ut
1313 1367 1446 1424 inde
1476 1371 1877 1441 Proserpinam
1899 1381 2137 1442 raperet
2175 1371 2361 1424 amico
2392 1387 2496 1424 suo
2539 1371 2841 1426 Pirithoo·

426 1457 482 1498 v.
522 1437 684 1560 Plult‘·1
716 1437 778 1490 in
819 1438 1094 1571 Thesbfip.
1136 1441 1215 1494 15.
1269 1438 1444 1491 Coeca
1486 1438 1635 1509 regia
1669 1451 1756 1494 est
1796 1441 2198 1506 tenebricosa,
2253 1439 2539 1506 obscura,
2600 1451 2669 1494 ut
2706 1457 2840 1488 nox

424 1525 587 1559 coeca
683 1517 760 1562 et.
801 1523 895 1571 ιο,
929 1512 965 1574 4
1040 1546 1053 1559 .

492 1575 570 1633 V.
603 1578 692 1647 76.
767 1573 921 1626 Sedit
959 1577 1016 1625 in
1059 1576 1295 1647 ingenio]
1366 1577 1424 1630 h.
1470 1595 1519 1632 e.
1562 1577 1806 1632 firmiter
1846 1577 2037 1632 haesit
2078 1575 2394 1630 memoriae
2444 1587 2597 1632 tuae.
2679 1578 2841 1631 Nam

425 1643 603 1696 sedere
629 1643 939 1700 etsinsidere
969 1645 1272 1713 dicuntur,
1324 1663 1475 1718 quae
1504 1647 1696 1700 animo
1727 1650 1960 1718 penitus
1990 1645 2321 1716 infiguntur.
2394 1644 2503 1698 Cic.
2546 1647 2719 1702 Tusc.
2758 1660 2837 1708 2,

426 1717 477 1781 4.
510 1712 702 1764 insidet
728 1713 784 1762 in
816 1713 1001 1764 animo
1033 1716 1226 1766 oratio.
1265 1716 1369 1770 Ov.
1405 1716 1562 1768 Rern.
1599 1717 1726 1769 Am.
1770 1717 1886 1772 268.
1923 1714 2043 1765 Lon
2084 1732 2147 1764 us
2171 1723 2222 1762 et
2246 1713 2410 1763 incito
2444 1724 2656 1784 pectore
2688 1715 2839 1766 sedit

427 1799 602 1835 amor.
641 1782 744 1836 ubi
781 1801 835 1835 v.
874 1783 1070 1839 HeinS.
1108 1784 1250 1838 Plin.
1286 1784 1442 1837 Pane
1484 1827 1499 1840 .
1545 1786 1631 1842 55.
1668 1786 1819 1851 cujus
1846 1783 2034 1835 amabi
2055 1785 2101 1833 is
2140 1783 2315 1832 vultus
2359 1783 2413 1831 in
2461 1783 2704 1834 omnium
2755 1784 2836 1834 ci-

396 1851 573 1926 ‚oium
598 1869 718 1912 ore,
757 1852 954 1910 oculis,
992 1852 1176 1902 animo
1209 1852 1369 1906 sedet.
1417 1872 1456 1905 u
1504 1852 1717 1925 iplura
1752 1855 2014 1926 exempla
2040 1851 2327 1923 congessit
2353 1851 2659 1908 swarzius.

491 1919 681 2042 Cifm
701 1932 928 2043 Οειιιῑέιη
974 1932 1062 1975 est
1099 1920 1390 1990 Ariadne,
1450 1939 1624 1994 quam
1670 1923 1929 1976 Theseus
1986 1918 2242 1994 reliquit.
2333 1921 2475 1988 Ejus
2521 1921 2837 1995 querelam

457 2009 491 2042 x
559 1999 671 2042 icat
756 2008 807 2044 v,
935 2027 953 2043 ..
979 2009 997 2042 1
1045 2027 1059 2044 .
1894 2031 1899 2042 ι

419 2007 453 2046 e
515 2061 520 2064 ’
552 2098 568 2113 .
600 2076 690 2129 77.
767 2007 936 2126 Quo}
957 2008 1134 2109 ,ςοῖυιη
1167 2061 1418 2124 excusat]
1494 2059 1529 2114 i.
1565 2077 1616 2114 e.
1644 2057 1723 2111 oh
1794 2058 1914 2112 uod
1956 2057 2147 2112 solum
2180 2058 2400 2110 veniam
2428 2057 2599 2130 petit.
2670 2059 2833 2114 Stat.

421 2127 581 2200 Sylv.
607 2131 680 2194 4,
719 2127 783 2190 6,
833 2145 921 2198 7ο.
960 2146 1264 2199 magnoque
1294 2146 1368 2178 ex
1401 2129 1618 2199 agmine
1650 2076 1879 2178 lauffum
1906 2125 2103 2178 Fertur
2144 2125 2434 2176 ssebanos
2470 2134 2684 2177 tantum
2725 2147 2832 2178 ex-

419 2213 629 2251 cusasse
659 2196 972 2266 triumphos,
1024 2197 1126 2250 uhi
1163 2217 1213 2252 v.
1250 2199 1464 2252 Markl.
1791 2213 1803 2222 ‘

485 2263 729 2334 Miraris]
796 2265 1096 2338 Exquisite
1128 2266 1334 2320 dicitur
1366 2286 1478 2340 pro
1509 2265 1813 2320 aemularis
1836 2303 1852 2329 ‚
1890 2263 2147 2321 imitaris.
2194 2263 2357 2336 Virg.
2392 2261 2536 2319 Aen.
2585 2265 2650 2327 8,
2697 2266 2832 2330 517.

413 2334 606 2408 primis
633 2343 683 2385 et
718 2343 769 2384 te
793 2334 1015 2385 miretur
1043 2336 1112 2385 ab
1151 2335 1308 2386 annis
1327 2375 1339 2396 ‚
1378 2336 1480 2392 ubi
1510 2356 1563 2388 v.
1597 2337 1757 2390 Serv.
1785 2334 2037 2388 Martial.
2078 2353 2099 2386 1
2121 2372 2137 2395 ,
2174 2334 2259 2401 39.
2332 2329 2396 2382 Sa·
2454 2331 2536 2383 uis
2561 2333 2659 2383 erit
2686 2333 2833 2383 recti

316 2398 332 2420 ²
419 2413 622 2464 custos,
659 2397 888 2452 mirator
918 2403 1143 2457 honesti.
1214 2405 1306 2458 Sic
1337 2404 1415 2458 ibi
1443 2405 1649 2471 MSS.;
1687 2421 1812 2456 nam
1846 2403 2004 2476 quod
2036 2401 2319 2456 editiones
2350 2401 2421 2452 ha
2469 2412 2597 2468 ent,
2638 2402 2831 2452 imita-

417 2481 506 2528 tor
538 2470 776 2535 honesti,
815 2472 1055 2527 alterius
1090 2473 1357 2528 lectionis
1384 2473 1673 2547 glossema
1706 2481 1808 2526 est·
1843 2489 1896 2526 V.
1929 2471 2185 2545 interpp.
2220 2469 2294 2522 ad
2328 2469 2378 2522 li.
2409 2470 2445 2522 l.
2508 2502 2515 2510 -

484 2543 560 2597 V.
595 2544 683 2610 78.
753 2540 1062 2592 Hem-edem
1121 2543 1261 2613 agis]
1331 2542 1579 2596 Locutio
1633 2560 1703 2595 ex
1744 2558 1914 2595 scena
1962 2540 2168 2607 ducta,
2234 2539 2335 2593 ubi
2396 2558 2501 2609 ogo
2552 2536 2822 2612 Dougani,

420 2608 699 2665 Simonem
749 2609 1058 2683 significat,
1098 2613 1222 2680 ejus
1263 2628 1577 2683 personam
1611 2627 1773 2683 gero.
1875 2609 2037 2663 Unde
2088 2611 2257 2663 etiam
2311 2608 2621 2663 histriones
2669 2619 2827 2660 acto-

415 2697 499 2731 res
529 2678 909 2735 vocabantur.
975 2680 1097 2733 Liv.
1147 2680 1254 2747 45,
1291 2682 1373 2735 25.
1417 2682 1593 2730 lenem
1638 2679 1923 2747 mitemque
1968 2676 2284 2753 Senator-em
2325 2676 2446 2747 egit.
2498 2679 2651 2733 Vell.
2690 2679 2825 2735 Pat,

417 2766 484 2813 2,
526 2751 642 2814 ¹¹4·
683 2748 878 2818 agebat
913 2748 1150 2799 medium
1183 2749 1423 2818 plurima
1451 2747 1701 2798 dissimul
1776 2747 1872 2807 tis,
1912 2748 2101 2817 aliqua
2134 2745 2434 2798 inhibentis.
2518 2745 2666 2803 Plin.
2705 2748 2821 2817 Ep.

410 2822 476 2883 8,
517 2818 596 2871 16.
635 2824 694 2865 ut
719 2815 880 2867 duces
905 2837 938 2867 a
979 2835 1092 2877 ere,
1132 2817 1263 2868 dum
1292 2824 1613 2887 sequuntur,
1788 2825 2029 2867 escerent.
2064 2835 2118 2867 v.
2154 2816 2333 2869 Drak·
2370 2815 2444 2868 ad
2478 2816 2602 2871 Liv.
2652 2812 2819 2887 Epis.

410 2889 498 2953 46.
538 2896 597 2940 et
629 2884 846 2941 Swarz.
879 2905 912 2940 a
988 2883 1136 2941 Plin.
1172 2889 1382 2957 Paneg.
1427 2886 1511 2941 15.
1672 2896 1703 2925 ⁰

479 2955 554 3010 V.
590 2970 675 3025 79.
745 2952 860 3005 Nec
885 2954 1121 3019 invideo]
1190 2958 1440 3025 Elegans
1486 2952 1895 3027 parenthesis,
1941 2963 2010 3007 ut
2054 2952 2227 3009 Trist.
2256 2972 2315 3021 1,
2370 2974 2433 3021 r,
2475 2974 2517 3007 1.
2589 2952 2776 3006 Parve
2802 2993 2819 3017 ,

412 3040 508 3075 nec
531 3022 773 3085 invideo,
811 3024 923 3075 sine
957 3042 1072 3083 me,
1109 3024 1268 3086 liber,
1310 3024 1413 3075 ibis
1438 3023 1495 3073 in
1524 3022 1729 3075 urbem.
1857 3034 1866 3037 ’

449 3092 557 3216 ᾶῖςὲ.
596 3096 682 3149 80.
751 3092 927 3163 Inque
959 3092 1256 3163 capistratis
1287 3092 1559 3163 tigribus]
1602 3092 1659 3145 h.
1687 3091 1725 3145 l.
1751 3089 2123 3163 explicuimus
2159 3088 2233 3145 ad
2266 3092 2377 3164 Ep.
2402 3110 2451 3157 1,
2473 3090 2559 3160 46.
2600 3092 2819 3149 Valck.

562 3163 650 3217 uri
699 3199 714 3215 .
747 3163 963 3216 Phoen·
1047 3198 1060 3213 .
1089 3164 1150 3217 51
1194 3201 1208 3215 .
1476 3197 1493 3207 -
1666 3204 1685 3213 -

409 3180 444 3219 a
478 3232 553 3284 V.
587 3182 692 3291 83?
746 3229 959 3283 Doctus
980 3162 1248 3300 AEtleenzs]
1317 3227 1535 3281 Doctae
1568 3225 1820 3302 proprio
1868 3228 2128 3300 epitheto
2188 3226 2461 3283 dicuntur
2502 3229 2773 3292 Athenae
2796 3265 2816 3293 ,

451 3299 574 3354 uod
608 3318 736 3365 east,
776 3311 842 3354 ut
868 3300 1133 3359 {lustinus
1163 3298 1242 3353 ait
1273 3316 1325 3364 2,
1360 3298 1412 3355 6.
1445 3298 1631 3348 literae
1659 3316 1726 3347 ac
1721 3296 2001 3365 facundia
2034 3297 2195 3347 veluti
2217 3299 2475 3363 templum
2511 3298 2812 3348 habebant.

453 3383 678 3442 repert.
706 3372 774 3436 3,
812 3385 878 3424 20
899 3408 916 3439 ,
958 3388 1005 3427 1.
1073 3363 1341 3441 Magnum
1373 3366 1472 3417 iter
1500 3366 1579 3416 ad
1600 3365 1789 3417 doctas
1811 3364 2086 3437 proficisci
2115 3383 2281 3436 cogor
2302 3366 2560 3417 Athenas.
2598 3366 2700 3419 ubi
2748 3385 2812 3418 v.

485 3454 540 3491 ss
576 3458 609 3492 r
671 3480 687 3497 .
2034 3467 2037 3470 ·

401 3440 796 3573 Ρεᾶαῗηαιξιιηε]
827 3546 842 3555 .
869 3524 1043 3581 saepe
1066 3506 1177 3560 hae
1203 3503 1535 3579 particulae
1566 3502 1720 3557 idem
1749 3503 2129 3577 significantes
2156 3504 2496 3577 junguntur.
2545 3503 2665 3557 Liv.
2700 3504 2763 3557 31
2792 3543 2814 3568 ‚

403 3574 922 3701 &taffeligemtionis
965 3584 1171 3649 tempus
1205 3577 1327 3644 jam
1371 3592 1515 3622 nunc
1556 3572 1720 3623 statui
1753 3590 1928 3642 posse.
1992 3572 2094 3625 ubi
2126 3575 2297 3645 plura
2332 3572 2593 3646 exempla
2622 3571 2816 3627 hahet

397 3647 484 3698 Dr
565 3663 634 3699 en
681 3682 693 3695 .
887 3646 921 3697 ⁸.-
958 3669 965 3676 ·
2734 3666 2737 3671 ·

469 3720 544 3773 V.
577 3716 663 3783 84.
705 3710 1010 3781 fferam]
1081 3712 1150 3771 A.
1191 3710 1321 3767 Am.
1364 3728 1427 3778 s,
1478 3710 1598 3769 588.
1657 3706 1894 3760 Thr-eren
1947 3709 2083 3765 dicit
2124 3710 2452 3766 Thraciam.
2532 3710 2808 3783 Utraque

398 3786 591 3840 forma
613 3780 811 3855 poetis
838 3783 1104 3865 propria.

469 3856 544 3910 V.
580 3856 668 3911 85.
736 3851 945 3903 Exatos
969 3862 1093 3903 acta
1117 3850 1338 3921 prohat]
1411 3848 1521 3902 Hic
1548 3848 1715 3902 locus
1744 3844 1967 3921 aliquid
1992 3847 2367 3905 obscuritatis
2394 3848 2569 3906 traxit
2594 3849 2669 3906 ab
2696 3848 2809 3903 ab·

399 3934 578 3996 rupto
627 3922 911 3976 orationis
983 3918 1180 3976 onere!
1223 3922 1437 3975 Graev.
1486 3916 1562 3973 ad
1606 3916 1727 3971 Cio.
1774 3917 1847 3973 ad
1879 3917 2006 3969 Div.
2051 3917 2144 3983 18,
2216 3938 2294 3973 ιι.
2365 3918 2566 3974 Verba
2612 3918 2805 3969 exitus

403 4002 528 4045 oeta
547 3992 750 4074 probat
776 4002 911 4045 sunt
991 3990 1178 4062 bracis
1210 3986 1456 4061 Phyllidi
1481 3985 1780 4040 illudentis
1808 3997 1867 4040 et
1894 3984 2163 4048 dicentis}
2214 3989 2367 4042 exitu
2412 3990 2535 4055 ejus
2568 3988 2801 4059 impru-

405 4061 654 4117 dentiam
687 4072 744 4115 et
771 4062 1008 4116 stultam
1033 4058 1362 4112 facilitatem
1395 4067 1599 4128 patere
1620 4093 1637 4119 ,
1675 4056 1765 4109 cui
1791 4054 1891 4108 illa
1920 4055 2240 4126 respondet
2266 4069 2477 4139 optans
2496 4095 2512 4120 ‚
2550 4067 2619 4109 ut
2645 4074 2799 4109 sem-

399 4148 518 4205 per,
571 4147 818 4203 rospero
853 4145 1124 4185 successu
1154 4138 1384 4189 careat,
1421 4124 1523 4198 qui
1548 4142 1616 4177 ex
1649 4134 1887 4188 eventu,
1924 4140 2043 4178 non
2070 4141 2136 4176 ex
2166 4125 2443 4189 consilio,
2478 4124 2631 4178 facta
2669 4126 2795 4179 cul·
2890 4178 2892 4193 ,

401 4216 520 4275 pan
562 4215 596 4251 a
622 4210 803 4272 putet.
880 4198 1010 4250 Hoc
1040 4206 1249 4255 tamen,
1287 4206 1352 4248 ut
1387 4192 1614 4265 egregie
1648 4190 1791 4246 dicit
1826 4192 2032 4245 Cicero
2066 4211 2124 4263 p.
2173 4193 2317 4247 Bab.
2363 4193 2523 4248 Post.
2562 4211 2607 4245 1.
2668 4196 2796 4262 ple-

399 4267 907 4337 rumqnefam‘mus,
946 4275 1006 4319 ut
1035 4264 1260 4315 consilia
1288 4262 1485 4312 eventis
1500 4259 1883 4331 ponderemus.
1922 4268 1987 4315 et,
2018 4262 2107 4310 cui
2133 4261 2261 4312 bene
2291 4259 2425 4333 quid
2437 4261 2756 4332 processerit
2772 4298 2793 4321 ,

401 4337 629 4387 nmltum
659 4336 754 4385 mu
835 4333 1158 4406 providisse,
1197 4331 1282 4382 cui
1309 4348 1489 4388 secus,
1530 4326 1666 4377 nihil
1692 4328 1909 4378 sensisse
1934 4326 2195 4385 dicamus.

466 4406 540 4460 V.
573 4404 660 4463 86.
729 4356 828 4455 §g
846 4405 1054 4469 eventu]
1101 4402 1283 4455 ·Haee
1325 4398 1522 4453 Heius.
1564 4406 1622 4450 et
1665 4396 1860 4449 Burm.
1913 4396 2153 4469 capiunt
2203 4416 2315 4469 pro
2351 4406 2478 4469 post
2526 4406 2787 4449 eventum.

398 4476 477 4529 Et
501 4474 580 4529 sie
609 4474 825 4530 centies⁴
859 4482 1182 4553 usurpatur
1203 4471 1366 4535 ,haee
1403 4482 1679 4540 praepos.
1724 4464 1845 4517 Liv.
1882 4465 1947 4521 23
1967 4502 1985 4530 ‚
2038 4469 2093 4521 6.
2129 4466 2199 4517 ab
2231 4466 2335 4518 hac
2373 4466 2613 4521 oratione
2656 4484 2785 4517 con·

401 4542 558 4605 sutis,
593 4540 827 4593 dimissis
847 4543 1054 4611 legatas.
1107 4539 1211 4594 ubi
1234 4558 1285 4589 v.
1313 4539 1567 4619 interpp.
1638 4531 1756 4589 sed
1782 4532 1987 4587 melius
2016 4546 2143 4602 est,
2180 4552 2395 4607 capere
2420 4552 2531 4607 pro
2575 4535 2643 4587 ob
2681 4536 2785 4589 vel
