2909 5050
913 253 992 308 IN
1027 253 1156 308 OV.
1194 253 1362 350 HEJI.
1398 254 1613 310 XVIII.
2222 304 2238 322 s
2311 250 2471 318 103

62 399 359 462 tanquam
376 407 505 442 cum
522 397 735 448 terram,
763 407 793 444 a
904 389 1295 451 arecedimuS,
1321 390 1559 443 recedere
1575 390 1792 457 dicunt,
1824 393 2030 450 urbem.
2061 411 2236 467 quam
2270 394 2474 448 transi·

67 475 222 520 mus,
242 458 485 508 transire.
516 457 835 530 Virg.Aen.
888 475 1002 529 ‚72.
1033 457 1397 510 Provehimur
1413 469 1607 532 portu:
1635 471 1804 511 terrae
1844 479 1907 511 ue
1925 459 2468 533 urbesque¹recedunt.

67 525 173 578 ubi
196 547 247 577 v.
268 525 432 579 Serv.
450 527 703 592 Metui,
740 529 861 592 466.
914 527 1165 578 ubiterrn
1185 528 1670 600 recessitLongius.
1726 481 2260 598 Va‘l.F1acc.2‚431.
2324 530 2476 583 Tunc
2557 598 2559 600 η

70 594 246 715 ὶεᾶωὲἷς
277 592 516 644 Lemnos
546 597 839 667 transitque
868 595 1109 647 Electria
1142 598 1314 653 tellus.
1361 616 1415 652 V.
1437 597 1860 661 Gron.adSe11.
1880 599 2036 653 Med.
2060 601 2171 667 164.
2211 611 2270 654 et
2294 601 2474 656 Drak.
2558 601 2562 606 ‘

70 681 101 716 a
231 663 294 716 il.
332 665 460 718 Ital.
497 665 530 718 3
599 666 659 720 15
700 705 713 718 .
1119 690 1137 723 ⁸.
1507 674 1510 678 ’
1687 667 1692 670 ’

140 731 217 785 V.
258 733 345 802 95.
418 704 599 801 Nun'c]
660 685 844 787 7Recte
880 750 1023 783 nunc
1060 733 1287 799 editur,
1339 752 1458 788 non
1509 731 1649 788 tunc.
1719 738 1886 790 Nam·
1919 730 2028 791 tem
2077 757 2146 792 us
2198 737 2478 809 praeteri-

67 811 197 852 tum
226 799 498 854 Leander
535 803 643 856 sibi
682 804 874 877 fingit,
912 813 977 856 ut
1013 820 1313 874 praestana.
1380 822 1435 858 v.
1475 805 1613 858 Met.
1644 824 1693 872 1,
1729 807 1848 862 321.
1884 806 1934 866 3,
1973 808 2038 876 34
2081 846 2095 860 .
2166 809 2363 862 Burm.
2403 805 2478 860 ad
2531 847 2538 852 -

66 869 123 922 h.
164 870 201 921 l.
242 881 303 924 et
337 869 487 927 oud.
530 869 605 924 ad
641 872 855 928 Lucan.
889 871 945 934 8,
983 875 1068 938 41.
1479 925 1484 941 ,
2205 914 2210 921 ‚
2317 920 2340 930 e

135 939 214 992 V.
278 943 393 994 103.
507 938 701 1010 Deque
754 940 856 991 tuis
908 939 1118 992 demtos
1170 940 1405 991 humeris
1465 941 1599 992 mihi
1667 941 1836 992 tradis
1890 942 2154 1013 amictus]
2257 945 2477 998 ‘Plures

66 1005 210 1058 libri
250 1008 481 1078 scripti:
520 1007 678 1078 Eque
716 1010 817 1058 tuis
854 1009 1081 1062 demtos.
1154 1008 1271 1064 Sed
1307 1007 1383 1078 de,
1449 1011 1880 1068 raeferendum.
1948 1013 2090 1066 Nam
2139 1013 2382 1068 veteres'
2413 1013 2478 1066 li-

67 1074 283 1129 benter
357 1076 607 1131 eminant
655 1079 1139 1150 praepositiones.
1212 1080 1359 1136 Hor.
1396 1028 1590 1132 Earin-
1624 1100 1671 1146 1,
1717 1099 1763 1144 1,
1799 1097 1882 1134 21.
1920 1078 2035 1132 Nec
2060 1090 2272 1153 partem
2297 1081 2474 1134 solido

68 1143 287 1194 demere
316 1095 381 1195 Ze
414 1145 497 1196 die
527 1143 759 1216 Spernit.
804 1169 879 1202 -v.
920 1149 1102 1200 Drak.
1144 1146 1219 1202 ad
1254 1148 1373 1202 Liv.
1409 1166 1464 1218 7,
1499 1151 1585 1215 41.
2101 1138 2122 1154 1
2203 1149 2210 1156 ’
2263 1172 2270 1178 ·
2325 1169 2331 1176 ’

138 1214 215 1265 V.
262 1218 383 1280 104.
452 1212 723 1284 Aequoris
751 1215 919 1268 imbre
949 1215 1188 1285 comam]
1258 1215 1445 1268 Imber
1481 1215 1688 1272 dicitur
1731 1216 1803 1272 (10
1842 1219 2050 1292 quovis
2087 1219 2336 1292 copioso
2371 1219 2475 1274 hu·

68 1299 261 1336 more.
335 1283 445 1354 Ep.
486 1285 649 1342 ex,P·
684 1288 745 1352 4·,
778 1303 826 1348 1,
855 1285 943 1342 30.
976 1284 1261 1356 Aequoreo
1300 1285 1555 1336 madidus
1595 1305 1732 1357 quae
1755 1289 1954 1358 premit
1983 1287 2152 1338 imbre
2187 1305 2389 1358 comas.

136 1351 218 1407 V.
261 1355 374 1408 113.
448 1349 649 1402 Oscula
686 1355 1021 1423 congerimus
1052 1364 1347 1425 properata
1399 1353 1534 1423 etm]
1621 1356 1841 1409 Versus
1889 1357 2346 1429 pulcherrimus,
2417 1357 2476 1412 iu

71 1437 191 1492 quo
234 1421 448 1492 copula
486 1423 695 1476 omissa
745 1432 829 1476 est
878 1441 947 1477 ex
994 1433 1153 1491 arte,
1215 1433 1279 1476 ut
1328 1439 1548 1478 summa
1598 1423 1884 1480 indicetur
1928 1425 2252 1485 festinatio:
2343 1427 2475 1484 Hoc

69 1490 384 1542 artificium
424 1489 671 1560 explieat
704 1493 943 1573 Longin.
978 1511 1039 1544 π.
1077 1491 1124 1546 ὖ.
1162 1490 1211 1560 §.
1249 1495 1333 1558 29.

136 1559 351 1628 V·¹¹l}·
390 1555 667 1626 Noctibus]
735 1561 923 1614 Latini
961 1563 1326 1616 Graecorum
1363 1559 1689 1614 imitatione
1715 1559 1912 1615 dicunt
1943 1579 2052 1634 pro
2087 1565 2282 1618 nocte.
2320 1565 2472 1622 Hor.

73 1646 117 1679 1.
162 1627 357 1680 Carm.
397 1629 481 1684 25.
522 1645 574 1697 7.
614 1627 702 1680 Me
726 1639 817 1679 tuo
857 1632 1053 1701 longas
1076 1637 1328 1699 pereunte
1359 1636 1566 1689 noctes,
1602 1623 1820 1698 Lydia,
1859 1629 2099 1682 dormis!

69 1765 103 1818 d
140 1697 216 1816 Y.
260 1715 392 1818 ιιιγίζ1
452 1695 696 1778 Virginis
728 1701 949 1768 aequor]
998 1699 1072 1774 ’11.
1110 1717 1156 1754 0.
1189 1699 1676 1776 Hellespontum,
1715 1698 1853 1771 quia
1886 1699 2057 1753 Helle
2093 1701 2256 1776 virgo
2307 1702 2366 1757 in
2413 1701 2475 1756 id

112 1784 144 1819 e
172 1783 205 1818 a
254 1783 317 1818 sa
396 1785 429 1818 n
474 1777 605 1821 ntur.

136 1784 355 1888 V.P121.
402 1782 513 1884 [βία
544 1837 755 1906 prona}
808 1837 932 1901 Est,
970 1854 1117 1910 quae
1156 1855 1223 1891 ex
1261 1837 1381 1890 alto
1421 1835 1479 1900 in
1514 1833 1881 1890 humiliorem
1918 1837 2115 1890 locum
2153 1834 2477 1905 descendit,
2542 1852 2548 1856 ·

70 1913 253 1976 atque
294 1904 442 1957 adeo
474 1903 679 1956 facilis.
743 1905 946 1958 Jusnin.
979 1926 1029 1972 1,
1070 1907 1119 1962 5.
1160 1923 1390 1977 pronam
1424 1903 1501 1954 ad
1535 1922 1760 1975 regnum
1804 1905 1948 1954 viam
1992 1905 2344 1976 ingrediatur.
2415 1926 2474 1971 v„

67 1975 271 2026 Heius.
310 1971 383 2036 ad
418 1972 519 2034 Sil.
556 1973 687 2026 Ital.
722 1975 775 2036 3.
811 1975 932 2028 515.

139 2043 213 2093 V.
256 2043 372 2097 125.
446 2042 629 2113 Magis
665 2041 1011 2096 ovidianum
1052 2052 1155 2104 est,
1190 2037 1355 2118 quod
1381 2039 1516 2093 libri
1552 2051 1776 2095 veteres
1800 2041 2100 2099 exhibent:
2142 2041 2250 2094 Cur
2280 2044 2477 2097 animis

59 2111 243 2178 juncti
277 2111 610 2181 sejungimur
645 2109 844 2160 undis?
913 2130 965 2166 v.
1002 2113 1277 2185 fflusing.
1316 2110 1387 2164 ad
1426 2111 1485 2164 h.
1525 2110 1563 2161 l.
1749 2125 1756 2132 '

138 2181 217 2230 V.
263 2181 377 2234 1²6-
460 2177 688 2251 Unaque
724 2198 907 2240 mens,
946 2181 1101 2232 tellas
1126 2200 1235 2230 non
1266 2179 1432 2230 habet
1464 2196 1574 2227 una
1613 2177 1770 2244 duos]
1838 2179 1894 2235 h.
1933 2194 1980 2231 0.
2022 2196 2127 2232 cur
2159 2198 2276 2235 una
2311 2199 2475 2238 mens

64 2248 247 2303 habet
286 2247 473 2313 (11108,
528 2261 587 2303 et
624 2265 726 2302 cur
762 2266 877 2302 una
931 2249 1107 2304 tellus
1152 2269 1271 2303 non
1320 2247 1510 2300 duos?
1580 2248 1922 2320 Elegantem
1957 2248 2128 2318 hujus
2166 2249 2474 2305 locutionis

65 2317 417 2372 brevitatem
456 2319 707 2390 explicat
753 2320 935 2373 Gron.
975 2318 1143 2371 obss.
1178 2321 1229 2384 4,
1270 2337 1319 2370 2.
1404 2319 1594 2388 Saepe
1647 2335 1788 2370 vero
1836 2329 2096 2372 amantes
2143 2335 2204 2370 80
2258 2331 2476 2374 vocant

69 2385 364 2435 ditnidium
402 2385 643 2451 animae,
676 2387 983 2457 portionem
1021 2387 1269 2450 animae,
1302 2394 1518 2457 partem
1553 2384 1656 2437 sui.
1693 2398 1804 2441 etc.
1842 2405 1895 2440 V.
1921 2387 2129 2444 ‘Heium
2154 2385 2228 2441 ad
2257 2389 2379 2462 Ep}
2405 2395 2476 2442 ΕΣ

67 2455 127 2508 Ρ.
178 2475 226 2521 1,
264 2457 320 2519 6,
365 2473 442 2520 ¹7·
498 2467 555 2508 et
591 2458 711 2511 Jac.
748 2457 1007 2509 Tollium
1046 2454 1119 2509 ad
1152 2455 1377 2508 Auson.
1418 2473 1476 2527 p.
1510 2454 1634 2522 778.
1997 2487 2010 2492 κ
2391 2457 2395 2464 ’

131 2526 210 2580 V,
256 2542 371 2595 129.
450 2523 785 2592 Confundor]
855 2526 999 2593 lune.
1084 2524 1381 2587 erturbor.
1453 2523 1666 2580 Justin.
1705 2528 1793 2589 32,
1833 2541 1886 2579 11.
1937 2526 2095 2576 turba
2132 2528 2472 2597 querelarum

67 2595 330 2662 confusus
358 2592 703 2659 adolescens,
753 2612 781 2643 r
848 2604 962 2645 ente
1001 2545 1236 2646 agnouit.
1275 2605 1288 2612 “”
1311 2593 1512 2647 Amor.
1543 2594 1596 2655 3,
1640 2613 1698 2667 9,
1743 2594 1820 2649 15·
1861 2590 2188 2645 Νεε·1“11ἰηω
2225 2603 2301 2647 esi
2344 2612 2474 2646 con·

50 2665 194 2733 sasa
232 2660 437 2723 Venus,
468 2662 723 2713 moriente
806 2663 994 2727 ibullo,
1065 2665 1168 2718 ubi
1203 2685 1253 2718 v.
1290 2662 1510 2735 Intpp.·
2398 2699 2404 2703 -

134 2732 213 2785 V.
266 2732 380 2787 131.
453 2729 633 2797 Cur-oi]
702 2732 875 2785 Curvi
912 2734 1005 2785 vel
1021 2732 1199 2805 pandi
1220 2731 1524 2803 delphines
1556 2728 2112 2785 dicunturaforma.
2145 2730 2473 2805 v.Prop.3,

71 2803 155 2865 15,
198 2801 284 2854 25.
322 2810 380 2853 et
414 2803 555 2856 Met.
595 2816 645 2862 2,
684 2802 797 2856 265.
836 2811 897 2855 et
932 2804 1130 2858 Burm.
1173 2801 1247 2855 ad
1281 2802 1340 2854 11.
1380 2801 1419 2858 l.
2542 2862 2547 2869 ⁸

30 2910 39 2917 .
134 2871 215 2922 V.
265 2871 377 2925 133.
450 2868 633 2919 Limes
679 2874 967 2939 aquarum]
1060 2870 1247 2921 Limes
1287 2869 1540 2955 proprie
1589 2877 1675 2921 est
1723 2868 2044 2935 terminus,
2087 2868 2188 2941 qui
2234 2878 2474 2941 separat

66 2955 249 3011 agros
286 2938 627 3000 vicinorum,
664 2937 767 2991 sed
806 2954 833 2989 a
857 2942 1063 3011 ,poetis
1099 2958 1211 3011 pro
1248 2958 1341 2994 via
1379 2938 1607 2993 dicitur.
1677 2937 1999 3003 Lucan.‘6,
2053 2942 2133 2996 15·
2197 2936 2328 2987 Hoc
2373 2937 2476 2989 iter·

66 3025 341 3076 aequoreo
382 3008 655 3077 praecepit
698 3008 863 3057 limite
908 3006 1163 3079 Magnus.
1229 3006 1331 3064 Sil.
1374 3006 1510 3059 Ital.
1565 3007 1666 3071 16,
1715 3008 1838 3064 338.
1913 3006 1976 3057 V
1971 3006 2150 3079 otique
2188 3014 2472 3077 peractam

64 3074 348 3141 Major-cm
378 3075 597 3127 credunt
621 3083 909 3148 praecepto
941 3076 1108 3127 limite
1132 3087 1364 3149 partem.
1434 3073 1538 3128 ubi
1573 3095 1628 3130 v.
1667 3076 1850 3130 Drak.

132 3144 210 3198 V.
257 3144 373 3199 135.
444 3142 571 3194 Non
602 3148 751 3209 esset]
818 3146 1111 3215 Significat
1145 3164 1262 3199 non
1300 3146 1510 3199 liceret
1547 3144 1780 3198 iterare.
1854 3141 1960 3195 Est
1997 3160 2126 3196 cum
2159 3142 2317 3199 infin.
2352 3143 2476 3196 mil·
2520 3150 2525 3161 '

62 3214 171 3267 lies
214 3212 416 3267 dicunt
494 3225 661 3268 oetae
738 3233 809 3268 ro
846 3216 999 3272 licet,
1037 3226 1102 3269 ut
1140 3216 1345 3270 Graeci
1382 3212 1488 3264 ἐστὶ
1523 3230 1634 3286 pro
1673 3212 1849 3271 ἔξεστι.
1919 3230 1973 3265 v.
2013 3213 2230 3267 Vechn.
2281 3212 2474 3267 Helle-

63 3284 271 3337 nolex.
309 3300 369 3353 p.
406 3283 439 3335 3
477 3285 526 3338 3.
599 3282 673 3335 S'e
751 3282 1045 3338 verissime
1073 3284 1273 3337 Heius.
1312 3281 1611 3337 emendat:
1663 3278 1832 3353 Quod
1855 3281 1991 3331 mihi
2017 3299 2128 3331 non
2161 3290 2317 3343 esset,
2369 3281 2474 3333 nisi

64 3351 138 3401 sic
168 3351 277 3401 iter
313 3359 470 3417 ante,
515 3352 790 3420 querebar,
859 3352 1047 3423 quue
1084 3354 1389 3407 confirmat
1425 3352 1700 3423 Heusing'.
1747 3350 1820 3405 ad
1856 3351 1912 3405 h.
1952 3350 1992 3406 1.

132 3422 219 3473 V.
265 3418 381 3486 137.
450 3418 898 3485 Athamantidos]
966 3422 1023 3474 h.
1056 3439 1107 3475 e.
1135 3422 1576 3495 Hellespontus.
1649 3418 2012 3474 Athamantis
2043 3417 2256 3474 dicitur
2282 3418 2472 3483 Helle,
2569 3414 2577 3421 ⁸

61 3486 434 3542 Athamantis
470 3488 603 3541 filia.
1750 3519 1754 3532 .

134 3552 219 3611 V.
266 3557 385 3621 141.
456 3555 681 3607 Amissa
714 3556 783 3607 ab
818 3556 1002 3623 Helle]
1070 3558 1124 3610 11.
1158 3577 1209 3612 0.
1248 3570 1497 3634 propter
1526 3556 1790 3611 amissam
1827 3556 2054 3612 Hellen.
2123 3554 2346 3607 Amissa
2383 3567 2473 3609 ex-

70 3624 291 3700 quisite
330 3624 573 3696 ponitur
607 3644 721 3699 pro
758 3638 1005 3679 mortua.
1073 3627 1283 3682 Justin.
1326 3648 1376 3693 ι,
1415 3645 1468 3700 9.
1537 3626 1901 3695 antesamam
1937 3624 2125 3675 amissi
2146 3624 2293 3694 regis
2321 3643 2474 3675 occu-

65 3702 164 3765 pat
178 3694 429 3763 sac-inus.
500 3694 717 3761 Florae,
760 3698 835 3760 14.
884 3695 1147 3745 amissum
1190 3714 1311 3747 cum
1336 3698 1544 3765 legione
1574 3704 1912 3764 praetorem.
1967 3694 2056 3748 Ita
2102 3692 2322 3744 amissio
2359 3710 2471 3766 pro

72 3772 244 3813 morte
283 3780 381 3833 ap.
414 3762 559 3817 Plin.
591 3764 702 3836 Ep.
744 3783 793 3830 1,
840 3782 918 3817 12.
958 3786 1013 3818 v.
1052 3766 1229 3819 Drak.
1268 3764 1342 3819 ad
1379 3764 1502 3820 Liv.
1536 3762 1688 3835 Epit.
1732 3781 1845 3834 ¹²7·

138 3832 219 3891 V.
266 3834 381 3899 144.
464 3830 738 3903 Laniger-o
786 3836 993 3901 vellere]
1084 3836 1249 3888 Recte
1294 3834 1574 3887 Francius
1626 3832 1766 3905 legit
1816 3831 2062 3902 lanigero
2109 3836 2351 3900 tergore,
2407 3841 2476 3885 ut

72 3904 256 3971 Prop.
296 3920 350 3966 2,
392 3917 475 3965 20,
512 3902 563 3956 6.
600 3900 821 3971 Aurea,
862 3921 971 3973 qua
1000 3903 1157 3955 molli
1182 3913 1384 3973 tergore
1415 3902 1564 3952 vexit
1599 3900 1728 3957 ovis.
1819 3898 1876 3950 T
1869 3918 2025 3975 ergus
2068 3906 2223 3953 recte
2261 3896 2476 3952 dicitur

74 3969 190 4021 lani
229 3987 401 4037 erum,
440 3970 609 4021 vellus
642 3988 761 4023 non
796 3970 953 4037 item,
989 3971 1097 4025 nisi
1135 3973 1299 4023 vellus
1335 3971 1530 4043 capias
1565 3988 1676 4042 pro
1713 3969 1896 4041 pelle.

140 3990 358 4108 55:47.
415 4038 547 4089 Arte
586 4056 711 4111 egeo
746 4041 917 4105 nulla]
952 4041 1006 4093 h.
1046 4054 1250 4095 0.·11011
1291 4056 1434 4112 egeo
1473 4050 1618 4106 arte,
1657 4054 1774 4111 qua
1808 4048 2038 4100 nautae,
2160 4034 2175 4049 ⁰
2223 4024 2476 4090 feliciter

76 4107 349 4177 navigare
386 4107 589 4174 velint,
624 4108 941 4163 instructos
978 4126 1100 4164 esse
1151 4111 1407 4181 oportet.
1458 4131 1510 4164 v.
1552 4118 1628 4160 vs:
1680 4112 1762 4178 49.
1836 4108 1955 4161 Sed
2000 4054 2347 4161 Mggiorum
2395 4104 2476 4157 in-

80 4176 251 4259 signis
302 4176 575 4245 varietas,
609 4194 787 4232 corru
832 4178 981 4243 tela-e
1030 4179 1421 4251 suspicionem
1476 4186 1686 4231 movet.
1779 4176 1981 4250 Itaque
2031 4175 2143 4229 alia
2191 4174 2364 4228 lectio
2417 4184 2478 4228 et

79 4246 223 4297 alius
260 4262 461 4299 80118118
497 4264 759 4319 quaeren
805 4264 871 4301 us
905 4245 1150 4301 videtur.
1220 4267 1274 4300 v.
1313 4250 1510 4319 Intpp.
1552 4244 1624 4297 ad
1662 4245 1716 4299 h.
1754 4245 1794 4297 l.
1838 4268 1846 4271 ·
2061 4283 2072 4287 -

144 4314 222 4371 V.
264 4318 380 4387 149.
450 4312 575 4366 Nec·
618 4332 812 4384 sequar
862 4325 957 4365 aut
992 4314 1218 4367 Helicen
1256 4324 1353 4366 aut
1379 4314 1611 4379 Arcton]
1679 4314 1938 4380 Helicen,
1975 4310 2094 4366 sive
2129 4328 2322 4366 ursam
2358 4328 2474 4363 ma·

80 4383 285 4449 iorem,
325 4383 720 4438 observabant
753 4394 961 4439 nautae
1001 4386 1243 4453 Graeci3
1306 4384 1554 4450 Arcton,
1592 4384 1710 4436 sive
1746 4402 1939 4437 ursam
1976 4383 2282 4442 minorem,
2322 4397 2473 4453 quae

85 4463 139 4506 et
175 4451 481 4522 Cynosura
518 4453 745 4521 dicitur,
782 4454 957 4524 Tyrii.
1026 4476 1080 4507 v.
1102 4454 1367 4518 Manil.1,
1406 4455 1534 4509 303.
1575 4470 1640 4525 sq
1691 4490 1704 4503 .
1747 4452 2335 4525 erHyg'in.Astron.2,
2361 4464 2472 4510 1,·1.

147 4520 225 4576 V.
267 4524 383 4579 152.
447 4514 749 4586 ‘Parrhasis
778 4524 927 4588 ursa}
997 4522 1261 4584 Callisto,
1297 4523 1583 4594 Lycaonis
1620 4526 1657 4576 fi
1687 4522 1736 4574 ia
1760 4560 1774 4583 ,
1813 4522 1870 4575 in
1908 4535 2096 4574 ursam
2135 4530 2351 4573 mutata
2387 4528 2474 4571 est
2572 4543 2578 4549 ·
