2909 5050
971 264 1051 319 IN
1086 263 1215 320 OV.
1252 263 1419 322 mm.
1452 263 1529 318 11.
2356 251 2457 320 ll

122 415 199 471 V.
236 417 288 470 6.
364 412 607 466 Sithonis
634 413 807 482 unda]
876 413 979 468 Est
1016 431 1179 468 mare
1218 415 1550 469 Thracium.
1625 409 1866 466 Sithonis
1907 421 1996 468 est
2032 415 2222 467 forma
2261 421 2458 483 patro-

56 485 285 556 nymica
310 499 343 536 a
379 481 591 544 Sithon,
630 484 727 557 qui
754 483 870 537 fuit
901 499 1005 536 rex
1038 484 1352 548 Thraciae,
1407 501 1439 538 a
1555 501 1590 536 o
1615 484 1786 538 etiam
1814 479 2057 538 Thracia
2077 478 2270 532 Sithon
2307 479 2458 534 dicta
2553 485 2558 492 ’

56 565 159 607 est.
214 573 271 607 v.
308 553 511 625 steph.
556 555 692 623 Byz.
729 571 783 606 v.
822 552 1067 617 Παλλήνη
1102 564 1163 608 et
1198 554 1389 636 intpp.
1424 570 1458 606 a
1536 554 1684 626 Virg
1734 554 1858 610 Ecl.
1899 569 1990 610 10,
2025 551 2110 606 66.

117 622 367 675 Actaeas
401 623 565 690 rates]
619 623 651 676 i.
685 639 733 677 e.
772 621 1027 676 Atticasz
1064 639 1197 675 nam
1222 622 1419 678 Attica
1447 623 1743 695 appellata
1776 633 1864 676 est
1895 622 2033 676 olim
2061 619 2216 682 Acte,
2259 619 2458 670 Actica

55 701 111 744 et
135 690 359 742 Actaea
380 729 395 755 ‚
436 691 597 764 quod
628 690 869 746 maxima
902 691 1025 758 ejus
1051 707 1188 762 pars
1218 685 1495 746 littoralis
1532 702 1680 746 erat.
1717 689 1842 755 ἆκτὴ
1875 690 2154 765 signifieat
2185 691 2363 744 littus.
2401 707 2456 742 v.

54 760 251 814 Strab.
278 780 331 829 ι).
367 776 425 830 p.
457 765 561 831 599
600 773 657 815 et
681 759 841 813 Serv.
869 757 943 812 ad
974 760 1135 832 Virg.
1160 760 1287 812 Ecl.
1323 779 1352 814 τι
1371 800 1389 826 ,
1428 763 1512 826 24.
2109 791 2115 794 -

116 831 191 882 V.
232 846 287 898 9.
364 829 499 900 Spes
528 827 697 896 lenta]
764 827 1004 899 Duplici
1048 828 1279 882 ratione
1316 829 1562 901 intelligi
1606 839 1842 902 potest,
1889 827 1984 882 vel
2037 826 2110 880 de
2156 845 2252 892 ea,
2300 841 2454 900 quae

51 897 225 980 longa
254 916 421 952 mora
454 899 801 960 extrahitur,
836 896 933 950 vel
962 896 1036 950 de
1062 897 1255 968 segni.
1291 911 1349 954 et
1378 897 1548 954 tarde
1581 898 1872 953 inchoata.
1942 895 2148 951 Priore
2177 894 2458 952 seusuhie

57 965 403 1036 capiendum
430 966 601 1020 docet
629 965 819 1020 Bentl.
852 964 926 1020 ad
952 967 1097 1020 Hor.
1128 967 1197 1023 A.
1229 967 1294 1020 P.
1329 985 1442 1036 ¹72·

119 1037 193 1089 V.
244 1053 324 1090 12.
404 1035 547 1086 Vela
566 1046 859 1107 perpetuo
892 1034 1154 1106 epitheto
1172 1037 1319 1094 alba,
1354 1037 1595 1119 cane-lida
1629 1036 1918 1091 dicuntur.
1974 1053 2026 1090 V.
2049 1035 2206 1090 Fast.
2225 1033 2282 1100 5,
2325 1033 2456 1099 1623

56 1105 1904 1240 QVmigfsszffjcti'w'ffuangugissaffet'Prsaffezlilssniiigllzfe'fbeseo
1949 1172 2267 1245 imprecata
2312 1189 2460 1226 sum.

54 1240 146 1294 Sic
178 1242 439 1292 devovere
471 1242 685 1295 centies
714 1240 927 1294 dicitur
953 1259 1047 1314 ap.
1082 1192 1253 1296 oviff.
1288 1255 1348 1298 et
1381 1245 1551 1298 alios.
1653 1285 1662 1291 -

121 1309 509 1380 Quia-nollet]
580 1309 954 1376 observetis,
994 1311 1123 1381 quia
1154 1329 1279 1364 cum
1308 1313 1679 1382 subjunctivo
1715 1321 1998 1365 structum
2018 1349 2035 1377 ‚
2085 1308 2250 1381 quod
2279 1309 2458 1368 latine

55 1378 390 1432 doctissimo
410 1379 661 1436 Graevio
692 1377 763 1432 ad
798 1379 923 1432 Cic.
950 1377 1022 1432 de
1050 1380 1299 1448 Amic.4.
1337 1397 1370 1432 a
1397 1382 1735 1436 Latinorum
1756 1377 2176 1433 consuetudine
2205 1379 2457 1432 alienum

54 1447 391 1512 videbatur3
420 1449 525 1502 sed
553 1447 748 1503 multis
780 1465 941 1501 exem
988 1447 1057 1502 lis
1098 1449 1245 1501 hanc
1278 1451 1766 1505 constructionem
1809 1447 2122 1502 vindicavit
2155 1447 2456 1502 Drakenb.

58 1515 124 1568 ad
153 1519 280 1570 Liv.
314 1535 365 1578 2,
397 1519 449 1573 8.
521 1519 699 1571 Recte
726 1517 901 1598 igitur
984 1517 1117 1588 eins.
1160 1517 1329 1572 codd.
1358 1531 1591 1573 secutus
1620 1521 1729 1591 Ep.
1756 1536 1819 1588 9,
1858 1534 1941 1586 27.
1977 1516 2184 1571 ediditz
2219 1517 2298 1567 At
2327 1517 2458 1567 bene

53 1595 214 1654 nupta
224 1588 394 1654 seror
414 1625 427 1644 ‚
467 1587 597 1654 quia
623 1603 869 1636 nommer
900 1583 1153 1636 Herculis
1178 1605 1344 1640 uxor.
1397 1588 1502 1641 ubi
1524 1590 1700 1660 vulgo
1735 1585 2024 1641 edebatur
2049 1586 2320 1641 nominor.

114 1655 187 1708 V.
234 1662 319 1724 14.
402 1654 617 1723 Tenuit]
670 1656 707 1709 i.
734 1672 785 1706 e.
816 1654 1079 1716 retinuit,
1120 1656 1434 1712 continuit:
1467 1658 1711 1730 simplex
1783 1673 1851 1708 ro
1881 1655 2230 1729 composito.
2266 1655 2376 1727 Ep.
2401 1655 2457 1717 5.

52 1727 135 1793 49.
170 1743 297 1774 cum
338 1733 387 1774 te
427 1733 579 1774 vento
625 1740 897 1794 quererere
938 1723 1121 1776 teneri.
1203 1727 1310 1796 Ep.
1352 1727 1449 1790 18,
1491 1731 1604 1784 213·
1753 1741 1778 1774 e
1819 1723 2026 1795 pariter·
2063 1723 2203 1776 venti
2243 1729 2458 1775 teneant

52 1793 356 1863 pariterque
385 1793 588 1848 lacerti.
626 1812 679 1846 v.
719 1795 973 1874 interpp.
1010 1793 1081 1845 ad
1120 1794 1239 1847 Liv.
1278 1798 1385 1859 32,
1422 1813 1473 1876 9.

119 1860 341 1930 Cursus]
413 1863 451 1916 i.
484 1879 535 1914 e.
560 1861 675 1916 iter
699 1863 1064 1916 maritimum.
1132 1865 1331 1933 Nepos
1358 1865 1512 1918 Milt.
1545 1881 1588 1914 1.
1623 1879 1841 1914 cursum
1869 1863 2102 1920 direxit,
2140 1877 2246 1930 quo
2279 1863 2458 1913 tende-

56 1929 177 1988 bat:
214 1930 318 1982 ubi
360 1951 414 1986 v.
451 1929 749 1984 Gebhard.
787 1930 995 1984 Justin.
1034 1935 1096 1987 31
1122 1967 1137 1992 ,
1194 1948 1247 1985 2.
1282 1949 1480 1982 navem
1521 1929 1827 1982 conscendit
1868 1948 2080 1981 cursum
2121 1947 2185 1980 ue
2229 1929 2307 1980 ad
2338 1929 2458 1980 An-

56 1998 289 2048 tiochum
314 1998 517 2068 dirigit.
591 1999 686 2053 Sic
716 1999 910 2072 poetis
941 1997 1233 2054 familiare
1260 2012 1346 2055 est
1368 2018 1576 2052 currere
1603 2017 1718 2072 pro
1752 1999 1881 2052 navi
1921 2016 2036 2052 are.
2133 2015 2224 2050 or.
2257 1999 2366 2072 Ep.
2407 2017 2457 2062 1,

62 2085 83 2117 1
105 2105 122 2130 ,
154 2071 243 2134 45.
314 2067 560 2137 Impiger
598 2078 875 2120 extremos
915 2068 1081 2118 curris
1126 2079 1395 2120 mercator
1437 2069 1516 2118 ad
1557 2068 1747 2120 Indos.
1798 2070 1892 2122 Va
1919 2109 1933 2123 .
1978 2069 2026 2122 F
2028 2067 2172 2124 laec.
2212 2070 2284 2133 4,
2334 2068 2456 2124 336.

59 2153 276 2257 gnaraque
304 2135 585 2263 Ιέαεζνειῖ
610 2153 774 2260 ουκ-ἱ,
790 2154 1034 2258 (sofena²1
1058 2139 1478 2260 Slmmosnlavim
1503 2155 1718 2190 currum
1753 2135 1892 2190 dixit
1929 2136 2146 2194 Catuli.
2181 2137 2272 2204 63,
2307 2154 2360 2207 9.
2401 2156 2453 2190 ν.

114 2223 213 2258 eva
456 2243 469 2258 .
684 2247 699 2260 .
918 2241 933 2256 ·
1192 2250 1205 2263 .
1383 2251 1397 2264 .

120 2274 194 2332 V,
217 2217 314 2330 Iitss.
368 2243 483 2324 ’Ad
515 2217 916 2344 ‹iaggtHezlr'al-fln
958 2225 1017 2328 ἰ.
1056 2219 1225 2330 &tagii
1324 2227 1565 2341 ebrum,
1613 2273 1824 2329 flumen
1871 2265 2190 2342 Thraciae.
2244 2275 2304 2330 in
2340 2289 2458 2349 qua

58 2359 119 2396 re
158 2342 292 2397 ioue
326 2344 413 2401 Ph
454 2342 547 2398 llis
582 2344 903 2399 habitabat.

122 2359 197 2468 57.
237 2432 313 2480 ¹7·
439 2429 499 2462 ro
539 2411 841 2493 te-rogcwa']
913 2414 1088 2486 Casp.
1109 2413 1421 2484 Scioppius
1451 2413 1511 2464 in
1541 2412 1780 2466 Infamia
1808 2411 2066 2466 Famiani
2093 2433 2152 2488 p.
2177 2414 2260 2468 86.
2292 2414 2456 2466 locu·

62 2480 271 2535 tionem
300 2500 488 2565 rogare
508 2501 611 2553 pro
638 2485 823 2552 alequa
853 2481 1044 2549 rejicit
1076 2493 1351 2553 tanquam
1372 2481 1559 2536 minus
1587 2480 1872 2535 Latinam.
1928 2477 2043 2533 Sed
2081 2481 2276 2535 multis
2309 2481 2456 2554 opti-

60 2569 281 2604 morum
310 2563 668 2624 scriptorum
702 2552 977 2623 exemplis
1006 2550 1315 2607 refellitur.
1355 2550 1473 2604 Cic.
1570 2588 1584 2603 .
1617 2550 1743 2604 red.
1779 2548 1853 2603 ad
1902 2548 2066 2673 zuir.
2095 2568 2148 2616 7.
2198 2568 2300 2623 pro
2333 2568 2458 2601 mea

63 2636 149 2669 vos
188 2622 358 2671 salute
398 2639 510 2671 non
553 2621 766 2691 rogavit
808 2622 1016 2681 solum,
1058 2638 1239 2671 oerum
1283 2620 1445 2671 etiam
1489 2638 1522 2668 o
1559 2618 1803 2671 secruve‘t.
1875 2619 1918 2670 P

58 2685 335 2739 Damnum
371 2688 525 2740 haud
550 2697 823 2747 recusant,
860 2698 1070 2740 tantum
1090 2707 1193 2760 pro
1227 2690 1334 2739 vita
1362 2698 1578 2759 rogant.
1633 2688 1737 2742 ubi
1769 2708 1822 2744 V.
1864 2688 2054 2762 intpp.
2085 2690 2344 2743 Laetant·
2382 2687 2456 2743 de

1964 2619 2122 2674 aedr.
2157 2624 2222 2682 3,
2263 2638 2330 2684 a,
2367 2623 2453 2676 16.
2526 2620 2532 2635 ’

57 2758 132 2811 M.
160 2759 221 2813 P.
256 2778 337 2829 ¹7·
374 2768 433 2807 ut
457 2776 556 2835 per
591 2776 777 2808 omnes
804 2756 959 2809 Deos
998 2776 1100 2830 pro
1144 2758 1251 2808 vita
1295 2760 1409 2824 ejus
1446 2766 1746 2829 rogaretur.
1809 2757 1910 2812 ubi
1954 2776 2006 2813 v.
2055 2760 2264 2814 Graev.
2301 2758 2453 2811 Con·
2535 2786 2540 2791 ·

59 2827 289 2880 structio
312 2844 457 2881 vero
490 2826 659 2896 hujus
697 2827 814 2881 loci
850 2828 995 2880 hacc
1027 2838 1147 2881 este
1184 2844 1359 2899 saepe
1400 2829 1649 2899 supplex
1691 2828 1851 2882 Deos
1891 2844 2018 2880 cum
2052 2845 2226 2901 prece
2254 2826 2458 2899 rogavi

58 2913 164 2966 pro
196 2906 247 2948 te
282 2895 629 2950 devenerata
651 2934 668 2962 ,
702 2912 782 2949 sc.
814 2894 991 2957 deoS‚
1030 2896 1353 2950 turicremis
1390 2894 1560 2949 focis,

121 2964 191 3017 V.
230 2966 309 3021 18.
392 2964 714 3015 Turia-remis
717 2964 893 3033 focis]
965 2966 1024 3017 h.
1048 2983 1099 3019 e.
1125 2965 1241 3019 aris
1262 3002 1279 3030 ‚
1314 2965 1374 3018 in
1404 2964 1619 3046 quibus
1647 2975 1740 3018 tus
1771 2976 2079 3022 crematur.
2116 2966 2456 3022 Ov.A.Am.

59 3032 121 3097 3,
155 3035 270 3101 393.
348 3033 519 3084 Visite
566 3033 879 3084 turicremas
918 3052 1111 3085 vaccae
1152 3030 1548 3102 Memphitidos
1607 3050 1752 3087 arus.
1826 3034 1990 3105 Virg.
2026 3036 2170 3089 Aen.
2219 3038 2290 3099 4,
2325 3035 2450 3101 433.

60 3102 343 3154 turicremis
367 3122 502 3153 eum
532 3101 679 3151 dona
708 3102 1004 3173 imponeret
1038 3104 1167 3153 uris.
1208 3121 1263 3160 v.
1278 3104 1482 3155 Burin.
1511 3101 1583 3155 ad
1614 3103 1672 3156 h.
1693 3103 1733 3155 l.
1764 3113 1822 3156 et
1855 3103 2125 3158 Oudend.
2147 3101 2221 3158 ad
2239 3104 2456 3159 Lucan.

58 3188 121 3240 9,
156 3173 271 3243 989.
370 3172 645 3231 Ceterum
687 3173 1052 3225 Burmannus
1086 3181 1258 3245 putat
1300 3171 1371 3224 ad
1420 3172 1585 3227 Suet.
1640 3171 1769 3226 Tib.
1811 3190 1912 3241 71,
1968 3172 2271 3238 Ovidium,
2325 3190 2456 3227 cum

59 3241 301 3309 mythicis
332 3240 865 3313 temporibus·ture
891 3253 949 3295 et
975 3240 1554 3295 mero·sacrificatum
1586 3258 1714 3296 esse
1732 3239 1904 3305 dicit,
1941 3242 2036 3297 vel
2059 3248 2458 3296 immemorem

62 3308 227 3362 fuisse
264 3312 485 3365 veteris
512 3309 771 3365 instituti
806 3310 904 3363 vel
940 3311 1051 3363 sibi
1084 3307 1413 3365 indulsisse.
1483 3310 1602 3365 Sed
1635 3310 1760 3382 ipse
1807 3322 1999 3377 errat,
2036 3328 2158 3366 non
2193 3309 2456 3367 Ovidius.

62 3380 196 3431 Nam
236 3379 457 3434 infinita
486 3388 621 3432 sunt
660 3389 921 3433 veterum
964 3378 1130 3444 loca,
1224 3378 1396 3432 uibus
1437 3390 1680 3451 pateat,
1728 3379 1975 3435 heroicis
2019 3382 2194 3437 etiam
2224 3391 2456 3451 tempo-

62 3447 217 3570 ribgs
248 3459 341 3501 tus
376 3459 435 3503 et
477 3448 674 3501 vinum
714 3448 771 3502 in
802 3448 1101 3502 sacrificiis
1136 3448 1210 3502 ad
1250 3449 1455 3503 ibitum
1489 3464 1634 3503 esse.
1671 3467 1726 3503 v.
1768 3450 1978 3505 Graev.
2015 3446 2452 3506 Lect.'Hesiod.

62 3534 112 3568 c.
188 3552 199 3566 .
276 3556 289 3569 .
395 3558 408 3571 .

127 3518 480 3655 Decri-nexta]
549 3585 606 3640 b.
636 3603 686 3642 e.
718 3585 887 3640 valde
915 3597 1229 3654 venerata3
1265 3604 1397 3655 nam
1427 3585 1494 3637 de
1523 3584 1586 3639 in
1617 3589 2042 3661 compositione
2085 3586 2452 3661 significatio-

61 3670 187 3705 nem
215 3666 399 3727 auget.
474 3642 569 3709 Sic
604 3654 880 3723 deprecari
909 3652 1121 3710 dicitur
1151 3674 1265 3728 pro
1293 3654 1464 3710 valde
1492 3656 1745 3726 precari.

124 3723 195 3777 V.
234 3740 310 3777 20.
382 3724 519 3796 Ipsa
550 3723 683 3774 mihi
716 3722 862 3793 dixi]
931 3723 1249 3797 Eleganter
1272 3743 1387 3807 pro
1418 3724 1522 3795 ipsi
1549 3725 1684 3777 mihi
1711 3727 1846 3781 dixi.
1917 3725 2060 3779 Nam
2095 3722 2300 3796 optimi
2329 3723 2453 3797 qui·

60 3808 162 3864 que
206 3793 535 3849 Latinitatis
576 3804 853 3847 auctores
888 3812 1218 3865 pronomen
1268 3810 1378 3863 ipse
1434 3794 1563 3847 aliis
1621 3793 2070 3867 pronominibus
2119 3792 2451 3865 ‘appositum

56 3862 397 3935 plerumque
440 3863 499 3915 in
542 3864 655 3917 alio
698 3878 839 3916 casu
882 3874 942 3917 et
986 3862 1111 3917 fere
1157 3862 1510 3917 nominativo
1553 3881 1778 3934 ponere
1819 3864 2030 3917 solent.
2103 3863 2231 3941 Qua
2274 3858 2348 3913 de
2381 3878 2449 3915 re

57 3932 346 4000 praeclara
380 3944 473 3987 est
502 3932 839 3986 observatio
875 3932 1096 3986 Dulteri
1133 3932 1208 3986 ad
1241 3932 1405 3986 Flor.
1443 3933 1508 3994 3,
1580 3938 1658 3991 18.
1698 3954 1757 4006 p.
1780 3934 1899 3990 583.
1954 3934 2154 4003 Nepos
2186 3931 2356 3983 Paua.
2395 3929 2450 3987 3.

56 4000 469 4068 exspectandum
488 4038 503 4062 ‚
538 4000 670 4051 dum
698 4018 752 4052 se
784 4000 903 4069 ipsa
937 4018 1021 4052 res
1044 4002 1290 4072 aperiret.
1364 3998 1484 4053 Cic.
1517 4000 1591 4053 ad
1623 4003 1751 4056 Div.
1789 4021 1839 4067 1,
1879 4020 1926 4055 1.
1983 4000 2119 4052 mihi
2150 4000 2261 4069 ipse
2292 4017 2446 4049 num-

59 4086 211 4136 quam
238 4071 539 4141 satisfacio.
578 4072 702 4126 Liv.
743 4088 796 4136 ω,
840 4088 919 4142 19.
956 4070 1173 4121 suismet
1188 4070 1293 4140 ipsi
1308 4068 1622 4139 corporibus
1637 4070 1973 4125 dimicantes.
2004 4071 2173 4126 uhiv.
2193 4068 2274 4120 int
2387 4070 2464 4141 p.‘

116 4140 186 4192 V.
222 4157 303 4193 22.
373 4138 475 4190 Ad
508 4158 701 4193 causas
740 4140 1019 4209 ingeniosa
1040 4139 1167 4209 sue]
1235 4141 1271 4197 i.
1312 4158 1365 4194 e.
1406 4139 1600 4193 solers
1642 4139 1730 4195 sui
1773 4141 1849 4195 ad
1893 4156 2091 4195 causas
2130 4137 2327 4211 fingen
2369 4156 2449 4196 εις.

58 4204 365 4275 Ingeniosus
408 4210 580 4265 etiam
630 4208 993 4265 construitur
1038 4227 1169 4263 cum
1214 4224 1496 4283 praepos.
1535 4210 1627 4274 in,
1661 4221 1728 4264 ut
1765 4209 1940 4264 Trist.
1984 4226 2049 4271 α,
2082 4209 2202 4273 342.
2269 4207 2448 4279 Inque'

58 4293 193 4353 {mas
212 4297 421 4359 poenas
448 4279 756 4351 ingeniosus
789 4296 969 4343 eram,
1024 4290 1085 4333 et
1115 4296 1245 4335 eum
1278 4278 1508 4346 dativo,
1557 4291 1625 4335 ut
1653 4282 1783 4335 Am.
1812 4298 1832 4329 1
1860 4313 1876 4342 ,
1916 4296 1968 4331 11
1995 4314 2012 4343 ,
2066 4280 2119 4344 4.
2155 4285 2206 4328 εἰ
2251 4276 2450 4329 dandis

57 4359 323 4414 mgemosa
356 4347 515 4406 notis.
2385 4376 2388 4381 ·

114 4416 189 4473 V.
228 4418 309 4471 αδ.
382 4416 585 4469 quta
612 4415 881 4487 Numina]
951 4418 988 4473 i.
1026 4435 1073 4471 e·
1107 4406 1241 4480 Dis,
1278 4434 1388 4501 per
1425 4432 1579 4493 quos
1619 4419 1844 4488 iurasti.
1915 4416 2133 4472 Prosae
2167 4415 2448 4471 orationis

60 4484 359 4559 scriptores
403 4487 598 4543 dicunt
638 4490 825 4554 jurare
862 4502 963 4557 per
994 4484 1179 4538 Deum
1198 4520 1213 4545 ,
1248 4488 1359 4541 nisi
1388 4488 1554 4563 quod
1593 4506 1686 4560 ap.
1717 4486 1834 4541 Cic.
1866 4484 1938 4541 acl
1966 4486 2098 4542 Div.
2128 4502 2199 4549 7,
2237 4500 2318 4539 12.
2349 4500 2448 4539 oe-

60 4554 225 4610 currit
237 4555 435 4631 Joo-em
460 4556 701 4627 lapidem
716 4557 941 4625 jun-aru
976 4555 1079 4610 sed
1108 4565 1321 4628 poetae
1342 4558 1545 4613 dicunt
1556 4559 1744 4627 jurare
1769 4554 1968 4609 Deum·
1985 4554 2197 4612 Catull·
2231 4554 2330 4626 ⁶79
2357 4553 2444 4618 40·
