2909 5050
481 235 597 300 ,16
1264 227 1272 235 “
1403 239 1476 290 n.
1511 235 1578 286 R.
1618 232 1953 289 DICTATA

418 420 427 429 κ
486 387 550 444 Si
583 389 734 461 quis,
768 398 826 440 ut
851 389 906 440 e‘n
924 389 1156 460 populo,
1197 385 1290 456 qui
1321 383 1434 435 sitis
1462 394 1513 436 et
1544 385 1716 446 undo,
1755 385 2002 454 requiret.
2073 382 2374 448 Interdum
2422 381 2873 446 contemnentia,

485 478 615 514 cum
647 460 912 534 fingimus
942 473 1052 530 per
1083 453 1450 526 superbiam,
1484 471 1594 508 nos
1628 471 1756 508 eum
1788 453 2095 576 iziorare,
2135 471 2307 524 quem
2342 453 2581 508 maxime
2611 469 2787 506 nosse
2824 462 2877 504 et

484 531 790 584 aestimare
835 527 1214 588 debetorum,
1262 534 1328 577 ut
1371 524 1427 576 h.
1471 523 1510 579 l.
1546 522 1663 577 Cic.
1710 521 1785 574 ad
1882 523 2067 587 iv..7,
2127 523 2205 576 16.
2248 539 2341 572 oro
2386 531 2463 580 te,
2515 521 2633 592 quis
2676 529 2729 570 tu
2782 518 2877 568 es?

479 601 645 652 Hanc
681 597 970 670 duplicem
1015 592 1306 647 formulae
1344 593 1456 646 vim
1502 593 1559 646 h.
1591 591 1633 644 l.
1675 594 1868 645 Burin.
1904 588 2183 645 confudit.
2254 589 2589 646 Distinctius
2624 606 2749 643 eam
2789 605 2878 640 ex·

481 666 686 740 plicuit
713 668 932 720 Duker.
961 663 1035 718 ad
1061 663 1225 716 Flor.
1267 679 1289 714 1
1309 699 1326 726 ,
1367 663 1449 716 18-
1484 681 1545 734 p.
1588 662 1702 717 162.
2382 663 2386 668 ’
2828 725 2837 734 ·

549 738 627 792 V.
668 752 788 804 107.
855 732 1064 803 Longis
1089 730 1356 802 erroribus
1385 733 1533 795 acto]
1603 731 1729 786 h.e.
1762 729 1977 802 agitato
1997 766 2013 794 ,
2051 739 2255 783 vexato
2286 729 2427 782 Met.
2451 729 2507 793 4,
2544 727 2878 795 566dongaes-

486 816 584 876 que
617 803 876 855 erratibus
903 811 1069 852 actus.
1135 800 1328 871 Saepe
1364 799 1444 853 sie
1481 798 1736 854 Ovidius.
2424 806 2428 810 “

483 902 488 906 ·
551 875 627 930 V.
670 891 783 926 111.
853 865 1052 940 Regna
1079 867 1335 940 Lycurgi]
1407 871 1461 922 h.
1486 886 1535 924 e.
1560 868 1883 922 Thraciam.
1954 869 2097 928 Nam
2140 866 2421 920 Thraciae
2468 883 2571 918 rex
2616 865 2733 918 fuit.
2777 863 2881 932 Ly-

485 961 591 997 cur
630 959 731 1008 us,
765 939 1034 1009 Dryantis
1065 938 1232 993 filius.
1267 958 1320 990 v.
1354 937 1518 992 Serv.
1548 937 1615 989 ad
1652 938 1813 1008 Vir-g.
1847 938 1991 990 Aen.
2016 938 2049 992 3
2071 977 2087 1000 .,
2130 941 2210 1002 14.

551 959 628 1066 Vg.
673 1026 786 1062 112.
856 1004 1088 1056 Nomine
1098 1005 1370 1074 femineo]
1439 1009 1551 1060 Per
1578 1007 1944 1078 periphrasin
1961 1005 2171 1059 dicitur
2186 1023 2297 1088 pro
2325 1003 2561 1066 semina,
2600 1013 2665 1056 ut
2679 1019 2884 1051 nomen

483 1079 802 1132 Romanum
831 1094 944 1148 pro
973 1075 1262 1129 Romanis·
1333 1076 1531 1132 Burm.
1559 1074 1634 1128 ad
1662 1077 1771 1146 Ep.
1811 1093 1905 1141 17,
1940 1077 2022 1130 60·
2096 1072 2362 1128 Ovidium
2406 1073 2665 1126 imitatur
2700 1071 2885 1124 Silius

484 1149 609 1202 Ital.
642 1152 735 1211 14,
771 1163 881 1212 ¹70··
985 1144 1082 1193 uid
1108 1145 1342 1212 reseram
1367 1142 1563 1194 Aeoli0
1600 1153 1851 1213 regnatas
1874 1142 2090 1192 nomine
2123 1142 2325 1193 terras?
2361 1140 2461 1196 ubi
2496 1163 2551 1196 v.
2580 1138 2885 1212 Drakenb-

553 1213 822 1284 Rhodope
855 1222 904 1264 et
997 1211 1201 1280 stemus]
1271 1213 1551 1266 Thraciae
1578 1223 1834 1276 montes,
1873 1212 2310 1284 quorum-alter
2350 1209 2601 1282 glacialis
2634 1208 2890 1273 dicitur,

483 1282 648 1358 quod
678 1283 864 1355 glacie
891 1293 952 1336 et
967 1283 1196 1336 nivibus
1224 1283 1448 1336 obsitus
1481 1291 1597 1347 est,
1634 1281 1785 1334 alter
1811 1281 2124 1340 umbrosus,
2160 1291 2412 1352 propter
2435 1278 2675 1332 frondes
2701 1277 2885 1333 arbo-

479 1357 611 1406 'rum
644 1352 702 1405 in
731 1369 801 1406 eo
831 1351 1203 1406 consitarum.
2134 1401 2138 1406 .
2580 1357 2585 1366 '

519 1425 626 1478 ·V.
664 1422 783 1486 114.
854 1418 1023 1471 Sacer
1051 1418 1291 1487 Hebrus]
1357 1421 1626 1486 Hebrus,
1679 1419 1961 1483 Thraciae
2010 1417 2235 1483 fluvius,
2283 1432 2434 1468 sacer
2476 1417 2741 1482 dicitur,
2766 1415 2891 1470 sive

526 1501 732 1563 ropter
762 1491 927 1562 orgia
954 1487 1162 1542 Bacchi
1201 1489 1260 1542 in
1293 1489 1539 1542 Thracia
1559 1525 1576 1552 ,
1608 1487 1743 1540 asive
1773 1485 1933 1559 quod
1961 1505 2160 1540 omnes
2196 1485 2352 1540 fluvii
2390 1487 2543 1538 sacri
2586 1495 2787 1540 essent
2836 1496 2893 1538 et

481 1509 1035 1616 {eorum-numero
1079 1557 1375 1628 adscripti.
1422 1579 1491 1612 v.
1516 1557 1710 1610 Heius.
1749 1556 1805 1610 h.
1846 1557 1888 1610 1.
1970 1557 2189 1610 Fontes
2240 1556 2411 1610 etiam
2450 1554 2660 1605 divinos
2698 1554 2891 1608 fuisse

481 1628 660 1683 docet
693 1628 956 1681 Broukh.
992 1624 1066 1679 ad
1099 1626 1374 1699 Propert.
1419 1645 1440 1677 1
1464 1664 1479 1690 ‚
1521 1627 1618 1689 18.
1658 1643 1743 1694 27.

519 1695 839 1818 dAdmissus
889 1693 1086 1765 aquas]
1156 1695 1212 1749 h.
1247 1713 1297 1750 e.
1342 1695 1637 1761 incitatas,
1694 1695 1934 1748 celeres.
2003 1693 2132 1746 Hoc
2174 1693 2415 1746 verbum
2462 1692 2891 1747 illustravimus

481 1784 516 1820 a
591 1767 638 1818 E
683 1807 697 1821 .
736 1784 758 1816 1
835 1766 923 1820 36.
1528 1769 1530 1774 ’
1730 1783 1734 1788 ’
2084 1781 2091 1791 “
2359 1779 2371 1790 “

554 1785 799 1903 Exli’gits
843 1835 900 1887 h.
949 1846 1001 1886 0.·
1050 1833 1422 1887 vehementer
1462 1831 1612 1906 agit,
1716 1832 1979 1904 repellit.
2068 1831 2269 1887 Avien.
2296 1829 2417 1886 635.
2459 1829 2530 1884 de
2558 1830 2891 1900 Rhodano:⁴

483 1901 708 1968 Effusas
733 1902 824 1952 itte
849 1911 900 1952 et
929 1918 1018 1952 ore
1051 1910 1214 1952 semet
1243 1901 1484 1972 exigens.
1554 1901 1642 1955 lta
1734 1903 1857 1957 rist.
1884 1909 1951 1966 5,
1988 1902 2021 1957 5
2043 1938 2059 1967 ,
2108 1901 2192 1954 31.
2228 1899 2369 1970 ignis
2418 1898 2629 1954 dicitur
2664 1900 2891 1970 exigere

483 1971 726 2022 nebulas.
762 1990 814 2027 v.
848 1972 1045 2025 Burm.
1085 1969 1158 2023 ad
1193 1971 1250 2026 h.
1286 1970 1330 2022 l.
2664 1985 2667 1992 '
2888 1991 2890 1994 ⁴

480 2045 486 2068 ³
551 2041 629 2094 V.
671 2040 787 2095 115.
859 2039 1069 2090 Avibus
1098 2037 1345 2107 sinistris]
1416 2039 1475 2092 h.
1510 2055 1559 2092 e.
1592 2039 1783 2092 omine
1814 2037 2090 2090 infausto.
2177 2036 2549 2090 Locutionem
2590 2052 2660 2088 ex
2711 2035 2891 2089 disci-

482 2110 639 2180 plina
677 2109 936 2190 augurali
971 2119 1158 2164 ortam
1191 2109 1249 2160 in
1279 2105 1743 2180 Antiquitatibus
1778 2107 2154 2160 illustramus.
2640 2125 2645 2132 ·

559 2176 858 2248 Vir-ginnas
892 2175 1088 2244 libata]
1157 2175 1358 2228 Libat-e
1393 2176 1639 2248 proprie
1688 2188 1777 2230 est
1812 2193 2088 2247 carpere,
2123 2174 2405 2226 minuere.
2482 2175 2569 2226 Ita
2614 2175 2731 2246 Ep.
2796 2174 2891 2236 16.

487 2249 604 2318 159.
681 2245 788 2296 Vel
807 2244 942 2295 mihi
973 2244 1248 2314 virginitas
1271 2254 1402 2296 esset
1426 2244 1613 2297 libata.
1688 2246 1775 2298 Ita
1791 2247 1969 2316 Ep.4,
2011 2261 2093 2308 27.
2144 2242 2228 2293 Tu
2258 2259 2400 2292 nova
2434 2252 2672 2292 servatae
2702 2243 2891 2312 capiet

482 2315 751 2366 libamina
766 2316 999 2383 samue,
1049 2315 1108 2368 11.
1143 2333 1194 2368 e.
1239 2325 1304 2368 tu
1340 2313 1561 2386 primus
1604 2313 1941 2395 pudicitiam
1984 2311 2173 2366 adhuc
2222 2321 2511 2364 servatam
2556 2310 2891 2368 imminue&

484 2384 709 2437 Contra
743 2382 984 2433 illibatus
1027 2395 1115 2437 est
1160 2383 1416 2454 integer,
1451 2401 1571 2436 non
1601 2383 1951 2435 imminutae.
2023 2381 2117 2434 Sic
2162 2379 2437 2450 virginitas
2484 2381 2755 2452 puellae,
2802 2381 2891 2444 cu}

525 2450 757 2506 udicitia
789 2461 1061 2574 ἕσπεται,
1113 2451 1327 2502 illibata
1361 2449 1573 2505 dicitur
1613 2451 1751 2504 Val.
1788 2452 1939 2504 Max.
1984 2451 2052 2516 6,
2080 2461 2116 2502 ’1
2138 2487 2155 2515 ,
2191 2449 2243 2514 4.
2277 2467 2330 2499 v.
2360 2449 2559 2507 Heius.
2600 2448 2675 2504 ad
2723 2449 2890 2504 Vell:

529 2532 606 2575 at.
663 2538 691 2573 2
761 2540 783 2573 1
827 2560 842 2575 .
1588 2559 1591 2567 ,

485 2616 492 2622 ·
551 2590 628 2643 V.
673 2562 784 2645 1’16.
855 2587 1019 2639 Zona
1055 2587 1307 2656 recincta]
1389 2583 1568 2661 Apud
1622 2576 1851 2643 veteres
1904 2588 2229 2659 puellarum
2276 2586 2563 2643 nubilium
2606 2587 2891 2660 pudenda

481 2658 729 2731 cingulis
757 2658 850 2711 vel
886 2657 1517 2729 zonispmuniebantum
1568 2667 1635 2709 ut
1658 2657 2103 2712 libidinosorum
2126 2658 2421 2711 hominum
2453 2658 2535 2712 vis
2552 2670 2891 2712 arceretur.

483 2732 700 2783 Zonam
730 2727 916 2800 prima
950 2730 1124 2779 noete
1149 2727 1390 2780 maritus
1421 2725 1757 2817 recinssebat
1786 2726 1882 2778 vel
1908 2727 2195 2782 solvebat.
2238 2747 2295 2781 v.
2332 2728 2485 2782 Fest.
2522 2747 2577 2780 v.
2618 2724 2891 2800 Cingulo‘

485 2798 694 2852 Soluta
739 2812 886 2849 zona
916 2794 1256 2848 sacrabatur
1302 2795 1519 2847 Junoni
1562 2794 1813 2849 Linxiae.
1861 2814 1915 2849 v.
1950 2797 2103 2849 Fest·
2142 2816 2193 2851 v.
2230 2796 2478 2849 Cinxiae.
2562 2797 2715 2849 Hinc
2756 2808 2891 2855 orta

483 2878 571 2921 est
600 2865 858 2928 locutio,
897 2881 1094 2913 zonam
1133 2864 1333 2915 solvere
1365 2864 1462 2917 vel
1499 2863 1793 2933 recingere,
1853 2881 1967 2932 pro
2014 2864 2277 2919 ‘minuere
2316 2866 2725 2937 virginitatem.
2792 2862 2890 2920 Ca?

483 2936 615 2989 tull.
646 2951 695 2987 2.
786 2931 954 3001 Quod
984 2939 1180 2983 zonam
1207 2933 1372 2982 soluit
1397 2932 1493 2982 diu
1526 2940 1799 3002 negatam.
1832 2932 1949 2986 ·ubi
1968 2952 2025 2988 v.
2063 2936 2139 2989 Is.
2164 2937 2341 2990 Voss.
2370 2933 2538 2989 Adde
2564 2935 2891 3007 Spanhem

481 3003 558 3057 nd
585 3002 808 3057 callim.
835 3002 918 3058 ,H.
953 3001 1030 3057 in.
1063 3001 1233 3055 Dian.
1275 3005 1350 3069 14.
1375 3008 1406 3043 0
2465 3055 2471 3060 ,
2588 3040 2591 3047 .

552 3074 629 3127 V.
670 3088 786 3144 ¹¹,70
857 3066 1148 3138 Pronuba]
1215 3072 1319 3125 Est
1364 3069 1573 3124 mulier
1602 3070 1847 3135 univira,
1886 3089 2057 3155 quae,
2084 3081 2359 3145 tanquam
2378 3090 2617 3145 auspex,
2659 3070 2891 3145 nuptiil

484 3130 887 3195 adhibebatur.
916 3158 970 3191 v.
1001 3142 1156 3193 Fest.
1181 3138 1238 3191 in
1267 3158 1318 3192 v.
1388 3140 1455 3192 In
1487 3139 1692 3193 faustis
1720 3140 1935 3211 nuptiis
1966 3142 2089 3213 ipsa
2124 3144 2276 3223 quo
2306 3152 2370 3196 ut
2398 3142 2675 3213 pronuba
2718 3140 2891 3193 indu

483 3210 646 3263 citur·
714 3210 822 3279 Ep.
857 3208 924 3271 6,
953 3210 1048 3273 43.
1080 3208 1332 3277 prona-ba
1363 3206 1514 3259 Juno
1544 3207 1787 3275 Adfatim
1812 3217 1863 3259 et
1906 3210 2057 3261 sertis
2092 3219 2333 3281 tempora
2384 3212 2585 3263 vinctus
2630 3210 2891 3278 Hymen

480 3279 702 3334 Contra
731 3278 789 3329 in
806 3276 1023 3346 nuptiis
1049 3275 1314 3331 infaustis
1329 3278 1543 3332 Furiae
1574 3277 1827 3332 officium
1854 3278 2161 3349 pronubae
2184 3279 2545 3351 praestitisse
2562 3282 2891 3350 finguntur

481 3350 615 3403 sen.
649 3344 797 3401 Oed.
825 3347 946 3414 644.
984 3344 1286 3397 Etmecum
1314 3344 1558 3415 Erinnys
1610 3347 1850 3397 ronubas
1866 3347 2099 3398 thalami
2134 3347 2367 3400 traham.
2404 3368 2460 3401 v.
2499 3350 2611 3420 Ep.
2647 3367 2738 3414 11,
2772 3348 2891 3409 103

483 3428 543 3471 et
569 3417 790 3480 Lucan,
824 3415 895 3480 8,
933 3432 1021 3486 90.
1061 3426 1120 3469 et
1154 3415 1407 3490 interpp·
1446 3415 1522 3471 ad
1600 3456 1614 3469 .
1650 3416 1689 3471 l.
1734 3468 1743 3471 .
1878 3451 1883 3457 -
1942 3456 1947 3461 ·

559 3482 822 3553 Ululaoit]
891 3484 946 3539 h.
991 3501 1042 3539 e.
1080 3484 1142 3537 lu
1180 3484 1384 3538 ubrem
1435 3503 1642 3539 vocem
1686 3484 1885 3541 edidit.
1930 3482 2219 3536 -Ululatus
2270 3502 2445 3559 saepe
2486 3484 2669 3540 tribui
2728 3484 2891 3540 sole¹

477 3552 687 3609 Furiis.
726 3573 784 3607 v·
820 3550 1026 3608 Claud.
1061 3552 1119 3605 in
1204 3552 1348 3609 ufin.
1388 3572 1447 3620 1,
1490 3554 1603 3609 130.

550 3648 625 3701 V.
669 3644 785 3700 118.
855 3643 1034 3695 Deoia
1064 3644 1202 3715 avis]
1271 3643 1479 3695 Devius
1506 3655 1644 3700 esta
1664 3632 1758 3700 via
1790 3644 2025 3715 publica
2050 3656 2313 3699 remotus
2336 3684 2352 3711 ,
2389 3628 2458 3699 ut
2481 3642 2697 3696 devium
2734 3655 2891 3717 tuga

483 3716 622 3765 'rium
662 3731 756 3788 ap.
785 3714 910 3766 Liv.
943 3715 1006 3779 3,
1048 3714 1128 3769 13.
1163 3715 1264 3769 ubi
1294 3734 1345 3767 v,
1371 3714 1673 3769 Drakenb.
1741 3713 1923 3765 Deoia
1951 3715 2066 3765 uois
2096 3726 2185 3768 est
2218 3714 2375 3775 strix,
2415 3715 2585 3775 bubo,
2621 3716 2719 3769 vel
2750 3718 2891 3773 alia

481 3784 714 3855 deserta
735 3783 1002 3836 incolens
1023 3820 1040 3846 ‚
1081 3793 1139 3837 et
1173 3782 1310 3836 mali
1348 3783 1553 3835 ominis
1585 3782 1802 3837 habita.
1839 3802 1893 3838 v.
1922 3784 2087 3855 Virg·
2122 3784 2267 3836 Aen.
2290 3786 2353 3849 4,
2388 3785 2509 3849 462.
2549 3796 2607 3838 et
2642 3784 2831 3840 Serv,
2888 3840 2890 3855 A

548 3867 623 3921 V.
660 3882 774 3937 119.
844 3862 1110 3915 Breoibus
1137 3872 1390 3947 torquata
1423 3862 1683 3933 colubn's]
1760 3862 2069 3933 Torquatus
2096 3877 2183 3920 est
2216 3876 2429 3939 torque
2458 3866 2699 3921 cinctu&
2786 3858 2891 3923 Sd

479 3934 605 3989 lent
629 3945 820 3989 autem
848 3944 1065 4006 poetae
1085 3934 1272 3987 Furiis
1298 3951 1412 4005 pro
1441 3932 1671 4004 capillis
1702 3931 1975 3986 colubras
2003 3950 2115 4005 per
2136 3934 2350 3988 collum
2386 3945 2442 3988 et
2474 3948 2647 4007 caput
2680 3935 2891 3991 laben

480 4013 568 4056 tes
607 4003 886 4060 tribuere.
954 4002 1168 4055 Tibull.
1223 4022 1246 4055 1
1275 4041 1292 4068 ,
1343 4021 1365 4054 1
1390 4040 1406 4067 ,
1460 4002 1513 4057 3.
1594 3999 1987 4071 Tisiphoneque
2034 4001 2257 4073 impexa
2300 4004 2451 4069 feros
2497 4022 2599 4075 pro
2642 4005 2891 4079 crinibtq

483 4088 684 4142 angues
704 4110 720 4135 ‚
757 4070 858 4126 ubi
885 4071 1136 4125 aliorum
1161 4083 1472 4145 poetarum
1499 4070 1633 4124 loca
1662 4068 1820 4124 dedit
1852 4070 2111 4146 Broulxh.
2888 4102 2890 4121 .

547 4161 622 4216 V.
662 4182 776 4219 120.
849 4161 1152 4234 Sepulcrali
1173 4164 1383 4223 lumina
1414 4162 1536 4232 eta]
1605 4164 1803 4218 Novae
1845 4175 2060 4236 nuptae
2092 4163 2149 4216 in
2173 4164 2393 4222 mariti*
2416 4165 2651 4221 domum
2701 4166 2891 4227 dedu

485 4228 704 4289 cendae
741 4231 1022 4306 nuptialis
1061 4233 1158 4286 fax
1200 4232 1669 4303 praeferebatur.
1728 4252 1785 4287 v.
1835 4232 1945 4305 Ep.
1995 4251 2091 4300 11,
2148 4252 2263 4287 101.
2351 4236 2515 4289 Hanc
2558 4236 2618 4290 in
2651 4239 2891 4309 nuptiis

483 4298 745 4354 infaustis
772 4302 947 4356 Furia
973 4302 1316 4371 praetulisse
1343 4300 1595 4374 fingitur.
1664 4302 1777 4376 Ep.
1824 4301 1891 4367 6,
1923 4302 2009 4369 45.
2086 4300 2277 4353 Tristis
2320 4300 2497 4353 Erinn
2535 4322 2561 4354 s
2600 4298 2891 4357 Praetuli

483 4366 752 4434 infaustas
785 4371 1201 4441 sanguinolenta
1232 4371 1410 4440 faces.
1479 4370 2149 4505 Pessimumkggaeterea
2192 4388 2362 4427 omen
2406 4373 2492 4426 ha
2540 4372 2807 4439 ebatur,
2855 4376 2891 4435 a}

459 4436 585 4584 yla
613 4436 708 4492 fax
736 4436 998 4559 deux-ogo
1037 4452 1276 4494 accensa
1306 4450 1478 4496 esset.
1528 4440 1674 4497 Met.
1698 4442 1769 4508 6,
1992 4436 2325 4493 Eumenides
2358 4449 2566 4495 tenuere
2592 4442 2778 4510 faces
2830 4444 2891 4497 ds

505 4524 663 4559 unere
689 4524 788 4577 rap
851 4524 894 4559 S·
1059 4532 1062 4537 '
1657 4537 1664 4544 ⁴
