2909 5050
879 237 960 293 IN
997 237 1121 294 OV.
1159 239 1326 294 ΗΕΒ.
1363 239 1495 304 vn.
1680 232 1695 242 ⁸
2256 233 2367 302 4¹7
2410 193 2427 226 ἶ

58 391 236 494 emtam.
251 397 300 450 8,
330 390 446 464 597.
477 387 606 512 Bag
631 387 760 441 ades
780 397 940 460 atque
958 389 1092 440 audi
1100 389 1372 460 placidus,
1388 385 1651 460 Neptune,
1676 397 2005 466 precantem.
2041 391 2369 452 v‚Brissou.

226 461 350 515 mul.
392 479 436 512 ι.
517 497 530 510 .
604 493 650 510 ι.
2402 475 2412 497 =

67 469 292 589 dexfolrffi
360 461 644 595 subgubai]
717 527 770 580 h.
803 545 851 582 e.
887 527 1080 600 pellex
1099 566 1115 592 ‚
1145 543 1304 600 'quae
1335 526 1661 581 clanculum
1692 528 1890 601 nupsit
1920 527 2109 582 alieno
2135 528 2369 584 marito.

58 607 174 662 ssnaec
193 619 324 664 vox,
372 595 630 651 nondum
669 595 809 649 alibi
837 598 1104 660 inventa,
1166 595 1367 650 eadem
1411 596 1678 668 analogia
1720 597 2046 662 formatur,
2103 616 2216 670 qua
2244 616 2374 669 pro-⁴

67 675 165 728 „uba
194 683 243 724 et
273 665 501 731 innuba,
537 676 604 719 ut
633 666 848 738 optime
881 665 1056 720 docet
1079 663 1276 719 Heius.
2122 699 2129 706 -

58 763 60 766 ’
109 744 160 796 V.
204 741 302 804 154.
390 731 638 802 Sanciat]
727 731 950 784 Sancire
993 736 1164 806 legem
1216 745 1306 790 est
1343 749 1536 803 poena
1578 732 1775 787 addita
1824 752 2061 802 cavere,
2111 753 2185 789 ne
2227 736 2371 810 quid

67 821 211 870 eontra
233 807 403 878 legem
437 805 850 856 committatur.
886 804 1024 855 Hor.
1065 823 1109 856 ι.
1147 803 1327 857 Serm.
1359 805 1413 868 3,
1449 805 1533 868 67.
1608 800 1797 870 Quam
1850 812 2039 855 temere
2073 805 2129 854 in
2164 814 2374 857 nosmet

58 885 182 952 'legem
215 874 470 926 sancimus
509 872 768 938 iniquam.
818 873 1024 927 Justiu.
1071 873 1124 928 3,
1177 889 1224 924 2.
1299 868 1372 921 Si*
1406 871 1625 941 quidem
1662 870 1799 920 nihil
1844 875 1959 942 lege
1988 873 2199 923 ulla-in
2230 875 2373 926 alios

67 947 222 1004 sanxit,
255 945 396 1009 cnjus
420 959 532 991 non
551 940 660 1010 ipse
676 939 968 1011 primus-in
998 958 1051 991 se
1076 941 1399 991 documenta
1429 940 1599 996 daret.
1636 959 1689 992 v.
1718 939 1921 1014 Intpp.
1960 941 2033 995 ad
2049 943 2170 995 Liv.
2193 944 2245 1007 3,
2282 946 2369 1000 55.

58 1021 165 1076 'Hinc
198 1011 380 1063 sanctio
417 1011 632 1062 dicitur
680 1021 852 1082 caput
897 1009 1070 1081 legis,
1119 1007 1280 1084 quod
1326 1027 1573 1082 poenam
1611 1010 1906 1075 continet,
1954 1029 2067 1084 qua
2096 1015 2369 1085 tanqua'm

58 1079 232 1142 'sanctae
259 1091 310 1132 et
335 1077 696 1134 inviolabiles
727 1081 888 1150 leges
919 1081 1082 1133 fiunt·
1119 1098 1170 1131 v.
1201 1077 1317 1130 Cic.
1350 1098 1405 1151 p.
1437 1079 1625 1132 Balbo
1678 1083 1751 1144 ¹4·
1826 1077 2039 1133 Sensus
2078 1097 2216 1152 ergo
2264 1094 2370 1148 est,

69 1152 237 1216 Medea,
270 1166 432 1222 quam
464 1148 645 1268 hange
661 1147 875 1268 lstatuit
906 1165 1190 1219 poenam,
1233 1148 1360 1221 ipsa
1406 1149 1651 1214 subeat,
1699 1146 1791 1202 vel
1831 1151 2110 1219 puniatur
2145 1151 2371 1224 legibus

89 1225 157 1278 nis.
183 1239 225 1272 V.
250 1219 429 1272 HeinS.
466 1234 499 1270 a
613 1256 626 1268 .
686 1255 699 1268 .
993 1225 1002 1230 “
1673 1249 1677 1256 ,
2003 1241 2017 1262 ·.

59 1246 88 1296 ‘8
112 1292 162 1344 V.
185 1289 283 1342 156.
348 1285 404 1335 A
447 1284 670 1336 totidem
718 1283 884 1353 natis]
950 1286 1154 1340 Latine
1197 1284 1413 1340 dicitur
1454 1285 1617 1336 orbus
1664 1285 1854 1355 aliqua
1895 1304 1981 1352 re,
2031 1305 2151 1340 non
2190 1289 2373 1342 orbus

71 1363 112 1413 ab
131 1359 279 1427 aliqua
309 1373 390 1422 re3
427 1373 537 1409 nec
581 1353 900 1429 quidquam
947 1355 1114 1422 juvat
1151 1356 1316 1409 locus
1358 1355 1543 1422 Cicer.
1570 1372 1627 1427 p.
1653 1355 1841 1409 Flacc.
1868 1356 1950 1410 23.
1988 1355 2092 1409 ubi
2122 1366 2208 1409 est
2236 1359 2371 1408 orba
2401 1387 2409 1393 -

71 1432 113 1481 ab
141 1423 446 1496 optimatibus
494 1423 713 1488 concio,
769 1441 900 1477 cum
929 1423 1010 1476 ibi
1042 1425 1214 1477 etiam
1249 1423 1419 1478 codd.
1447 1423 1951 1496 praepositionem
1991 1425 2061 1474 ab
2086 1425 2371 1481 omittant.

67 1501 122 1554 lta
154 1513 208 1549 ue
234 1491 626 1565 amplectenda
656 1492 890 1546 videtur
917 1492 1134 1546 Heinsii
1167 1495 1523 1563 conjectura,
1560 1511 1732 1566 quam
1756 1492 1879 1566 ipse
1927 1492 2215 1548 deseruit:
2254 1493 2369 1556 Da,

71 1568 133 1619 tou·
159 1583 223 1614 em
245 1562 374 1612 natis
405 1561 544 1612 orba
571 1561 655 1622 sit,
696 1570 854 1632 atque
889 1561 1020 1612 vit-0.
1095 1561 1209 1628 Da,
1253 1580 1329 1616 sc.
1359 1563 1604 1634 Jupiter.
1817 1593 1819 1595 >
2183 1593 2187 1597 ·

109 1637 158 1688 V.
190 1631 284 1686 158.
353 1627 845 1701 Quaerere-fugam
906 1641 994 1686 est
1063 1648 1308 1684 uaerere
1340 1631 1565 1691 locum.
1606 1625 1727 1705 quo'
1753 1630 1957 1702 fugere
1988 1632 2194 1706 possis.
2242 1634 2373 1686 Hoc

71 1699 269 1776 loquendi
305 1714 481 1770 genus
529 1699 728 1752 durius
771 1699 822 1752 vi
867 1710 998 1753 etur
1088 1717 1388 1753 urinanno.
1461 1697 1580 1754 Sed
1610 1701 1940 1770 gravissime
1984 1712 2167 1756 errat..
2226 1703 2372 1755 Nam

71 1785 104 1828 et
126 1771 285 1824 Cicero
319 1777 374 1824 et
403 1769 676 1840 Propert.
713 1769 790 1821 ita
820 1769 1004 1822 locuti
1033 1780 1196 1828 sunt,
1233 1771 1385 1823 alter
1413 1769 1557 1822 Phil.
1589 1771 1621 1824 5
1641 1807 1657 1834 ‚
1713 1770 1792 1823 16.
1830 1773 2030 1841 fugam
2079 1771 2373 1840 quaereba-

73 1859 144 1892 mus
175 1845 354 1899 omnes,
408 1854 549 1906 quae
595 1842 717 1908 ipsa
755 1837 966 1888 exitum
1005 1856 1114 1888 non
1157 1836 1420 1896 habebat,
1485 1838 1640 1891 alter
1686 1855 1737 1903 2,
1800 1841 1893 1904 13,
1954 1843 2041 1906 4ο.
2113 1848 2371 1890 extremo

71 1925 246 1982 quaerere
267 1907 318 1954 in
354 1905 479 1955 orbe
489 1907 714 1976 fugam.
751 1907 854 1958 ubi
883 1928 932 1961 v.
967 1907 1227 1960 Broukh.
1299 1906 1711 1976 Circumspicere
1725 1908 1935 1979 fugam
1979 1907 2123 1962 dixit
2162 1909 2371 1964 Justin.

71 1984 364 2045 2‚12.petere
425 1993 594 2044 agam
633 1973 799 2028 Ovid.
847 1978 916 2027 A.
961 1975 1088 2028 Am.
1129 1997 1178 2039 1,
1215 1971 1316 2032 5523
1361 1985 1420 2029 et
1455 1977 1666 2029 Lucan.
1712 1977 1767 2041 4,
1803 1982 1922 2048 749.
1959 1977 2062 2030 ubi
2096 1998 2145 2030 v.
2174 1979 2370 2032 Burm.

111 2047 157 2098 V.
195 2047 334 2115 ι59.μ
409 2061 545 2092 uam
585 2043 772 2112 fratri]
844 2043 1216 2099 Constructio
1261 2055 1378 2097 estz
1443 2045 1629 2121 Quam
1676 2045 1891 2098 ‘acerba
1944 2063 2213 2128 germana
2260 2047 2373 2101 fuit

73 2113 200 2234 fratri,
243 2130 400 2194 quam
441 2113 661 2166 acerba
701 2113 810 2166 fuit
845 2113 960 2182 filia
1001 2113 1212 2168 misero
1255 2112 1442 2184 patri,
1500 2125 1616 2168 tam
1656 2113 1867 2167 acenba
1916 2127 1989 2168 sit
2034 2115 2217 2181 natis,
2254 2125 2373 2170 tam

72 2201 157 2238 acer
187 2201 214 2236 a
237 2193 304 2236 sit
335 2198 481 2234 vlr0.
535 2195 562 2204 ··

111 2253 159 2305 V.
192 2251 286 2305 161.
366 2249 695 2301 Consumere
747 2250 936 2320 terras]
987 2263 1076 2306 est
1112 2252 1192 2306 ita
1228 2251 1534 2323 pervagari
1574 2262 1802 2318 terras3
1852 2263 1917 2307 ut
1948 2252 2090 2307 nihil
2128 2252 2373 2324 amplius·

73 2321 116 2375 ad
133 2317 520 2392 pervagandum
559 2320 830 2392 supersit.
1223 2325 1232 2332 ’
1544 2331 1551 2334 ·

111 2395 216 2440 A'e‘ra
241 2386 406 2456 tentet]
446 2390 504 2443 h.
535 2407 587 2443 e.
626 2407 736 2461 per
771 2393 908 2442 ae‘ra
941 2389 1116 2443 volet.
1191 2389 1288 2443 Sic
1325 2397 1527 2438 tentare
1558 2406 1799 2458 aequora
1830 2391 1939 2460 Ep.
1981 2409 2045 2454 7,
2096 2391 2182 2458 57.
2263 2392 2374 2444 Re·

71 2459 234 2533 spicitur
252 2456 318 2510 ad
344 2457 634 2529 fabulam.
669 2475 782 2532 qua
798 2457 1007 2512 Medea
1040 2457 1329 2533 aufugisse
1347 2457 1562 2512 dicitur
1581 2475 1780 2524 curru,
1821 2459 1914 2511 cui
1929 2458 2066 2513 alati
2082 2458 2371 2513 dracones

73 2529 185 2597 juncti
212 2540 400 2581 essent.
440 2548 496 2582 v.
527 2528 702 2582 Trist.
729 2528 794 2593 3,
827 2530 891 2591 8,
927 2530 978 2584 3.

111 2599 156 2650 V.
186 2599 280 2651 162.
344 2594 594 2677 Exspes]
658 2597 712 2650 h.
743 2615 792 2651 e.
830 2598 950 2650 sine
981 2614 1012 2673 s
1053 2612 1116 2662 e,
1170 2614 1292 2650 non
1323 2599 1565 2665 sperans
1600 2596 1876 2663 salutem,
1927 2607 1995 2651 ut
2026 2614 2220 2667 expers
2248 2598 2372 2651 sine
2466 2604 2471 2609 ’

95 2676 203 2729 arte,
243 2666 400 2714 exlex
436 2682 566 2719 sme
600 2666 747 2747 lege,
805 2667 948 2719 Hor,
1051 2701 1065 2715 .
1094 2665 1154 2720 P,
1198 2682 1282 2718 20.
1355 2664 1402 2713 si
1417 2665 1632 2731 fractis*
1660 2674 1845 2715 enatat
1879 2682 2071 2733 exspes
2108 2664 2372 2721 Navibus.

71 2684 139 2789 gie.
161 2753 205 2804 p.
230 2732 388 2786 Coeli·
411 2734 503 2788 32.
541 2733 821 2784 hommem
841 2734 954 2785 sine
989 2751 1060 2797 re,
1095 2733 1208 2785 sine
1221 2731 1366 2803 fide,
1403 2733 1515 2787 sine
1546 2752 1653 2804 spe,
1682 2734 1795 2784 sine
1821 2733 1963 2800 sede,
1986 2734 2099 2784 sine
2104 2734 2365 2801 fortunis.

108 2802 236 2853 Caede
265 2799 379 2870 sua]
414 2803 454 2857 i.
493 2820 544 2856 e·
584 2820 833 2859 suorum.
1722 2818 1729 2825 ’

921 2971 1181 3085 Epist.
1256 2971 1427 3053 VH.

104 3130 152 3183 V.
181 3150 216 3184 1.
277 3129 536 3197 Abiectus
567 3131 628 3180 in
659 3129 860 3199 herbis]
908 3132 982 3184 h.
1008 3148 1058 3184 e.
1099 3141 1316 3184 temere
1347 3130 1560 3197 jacens.
1596 3131 1778 3202 Prop.
1832 3150 1879 3195 1,
1924 3134 2007 3199 14,
2049 3150 2093 3188 1.
2138 3131 2221 3183 Tu
2250 3134 2375 3186 lieet

67 3196 228 3265 abjectus
273 3198 525 3250 Tiberina
576 3198 810 3253 molliter
856 3199 1023 3250 unda.
1077 3196 1318 3252 Phaedr.
1356 3199 1410 3267 4,
1474 3216 1523 3267 ι,
1565 3216 1647 3253 12.
1720 3200 1962 3263 Involvit
1996 3219 2051 3252 se
2064 3203 2286 3271 surina,
2323 3214 2375 3255 et

67 3267 216 3317 obscuro
247 3271 358 3319 loco
396 3268 618 3336 Abjecit
651 3269 988 3338 negligenter.
1023 3268 1126 3321 ubi
1162 3288 1210 3323 v,
1249 3270 1444 3342 [ntpp.
1705 3278 1709 3284 '
2356 3323 2361 3330 .

105 3336 154 3389 V.
180 3354 220 3392 α.
277 3338 368 3388 Ad
403 3336 550 3387 vada
585 3335 898 3403 Maeandri]
970 3338 1214 3392 Constat
1240 3343 1556 3408 poetarum
1589 3337 1960 3399 testimoniis,
1995 3340 2375 3396 Maeandrum

69 3415 102 3458 et
118 3405 366 3477 Caystrum
393 3407 662 3461 oloribus
689 3406 1003 3461 abundare.
1074 3408 1262 3461 Vetus
1303 3408 1493 3461 autem
1527 3404 1727 3461 fabula
1766 3419 1884 3468 est,
1934 3409 2164 3463 olorem
2197 3411 2375 3465 morti

67 3473 232 3527 vicinum
269 3488 533 3535 cantare,
585 3476 656 3529 de
699 3494 814 3547 qua
848 3496 900 3530 v,
928 3477 1110 3530 Drak.
1135 3475 1210 3528 ad
1240 3476 1341 3531 Sil.
1375 3478 1444 3530 It.
1484 3494 1565 3538 n,
1603 3479 1720 3542 440.
1813 3477 2153 3535 Dubitatum
2200 3479 2373 3533 etiam

69 3552 118 3595 est
137 3542 190 3595 ab
211 3545 334 3617 ipsis
351 3544 675 3608 veteribus,
703 3556 769 3598 ut
795 3546 1020 3600 Aelian.
1039 3546 1116 3597 V.
1129 3547 1202 3598 H.
1222 3565 1270 3611 1,
1305 3548 1386 3613 ¹4·
1405 3562 1479 3598 an
1512 3545 1711 3599 olores
1738 3556 1992 3601 cantent.
2033 3550 2257 3615 Verum
2285 3546 2370 3600 Cl.

65 3612 262 3666 Ernestus
293 3613 362 3666 ad
397 3614 732 3669 callimach.
769 3616 840 3668 H.
881 3616 939 3667 in
974 3615 1019 3668 A
1065 3614 1166 3667 oll.
1201 3616 1254 3669 5.
1294 3613 1444 3667 duos
1473 3613 1679 3669 laudat
1708 3626 1901 3679 testes,
1940 3630 2191 3687 quorum
2222 3615 2373 3669 alter

63 3678 96 3732 in
114 3681 228 3746 Asia,
261 3683 407 3735 alter
424 3684 482 3735 in
507 3682 754 3735 Islandia
786 3685 984 3737 olores
1044 3682 1392 3736 ulcissimum
1423 3692 1653 3739 cantum
1684 3682 1995 3737 fundentes
2024 3684 2370 3739 audiverint.

99 3750 149 3803 V.
172 3752 211 3815 4.
273 3750 518 3803 Adverso
555 3749 682 3819 deo]
749 3753 1066 3823 Eleganter
1093 3751 1293 3810 Heins.
1342 3751 1583 3833 corrigit
1614 3770 1801 3803 auerso
1855 3750 1979 3802 Deo
2012 3753 2069 3807 h.
2101 3772 2153 3807 e.
2185 3752 2334 3806 irato
2355 3788 2371 3814 ‚

65 3818 238 3875 offenso.
301 3822 666 3877 Burmannus
693 3820 767 3874 ad
792 3820 848 3876 h.
881 3825 920 3877 Ι.
950 3832 1008 3875 et
1035 3820 1328 3874 Drakenb.
1362 3820 1434 3873 ad
1454 3821 1575 3874 Lw.
1605 3822 1693 3889 38,
1730 3822 1817 3876 33.
1852 3822 2147 3895 vulgatum
2178 3816 2370 3874 defen·

63 3884 163 3943 dunt.
217 3888 326 3944 Sed
350 3908 567 3941 aversus
613 3890 948 3962 exquisitius
991 3900 1111 3954 est,
1151 3901 1210 3942 et
1241 3892 1436 3963 poetis
1481 3890 1657 3963 magis
1700 3890 1993 3953 usitatum,
2032 3901 2097 3945 ut
2129 3891 2371 3962 copiose

64 3952 377 4013 demonstrant
405 3961 602 4013 Heius.
637 3961 710 4013 ad
743 3960 798 4013 h.
828 3960 866 4012 l.
905 3972 964 4015 et
993 3959 1254 4012 Broukh.
1287 3960 1360 4011 ad
1383 3956 1511 4011 Tib.
1540 3960 1593 4023 3,
1630 3961 1684 4020 3,
1715 3960 1801 4014 28.

99 4023 337 4096 Mooimus]
412 4027 626 4079 Movere
655 4028 898 4081 dicimur
929 4028 1120 4087 omnia
1140 4066 1156 4092 ‚
1195 4045 1345 4101 quae
1374 4026 1700 4098 incipimus.
1776 4022 1892 4080 Sed
1918 4045 2046 4081 cum
2078 4027 2282 4078 moveri
2311 4039 2372 4082 et

63 4094 248 4144 movimus
273 4097 565 4153 vicinitate
595 4114 695 4151 sua
727 4114 900 4151 aures
927 4098 1015 4150 ele
1057 4108 1218 4151 antes
1248 4093 1583 4159 offendant,
1619 4096 1889 4151 Heinsius
1922 4098 2149 4168 egregie
2182 4116 2371 4151 emen-

65 4159 162 4213 davit
186 4164 410 4216 vooimus
444 4158 579 4231 istd,
616 4168 707 4220 cui
737 4165 956 4221 frustra
988 4184 1022 4220 o
1071 4165 1334 4239 loquitur
1364 4158 1763 4232 Burmannus,
1800 4166 1901 4238 qui
1925 4166 2103 4226 =tenes-i
2128 4168 2371 4239 corrigit

63 4226 103 4279 ad
127 4232 330 4287 Anthol.
367 4236 488 4289 Lat.
513 4238 597 4290 .Τ.
636 4237 680 4292 Ι.
708 4238 944 4307 p.·441.·
986 4234 1203 4289 Sensus
1230 4246 1345 4289 est:
1382 4237 1507 4290 Jam
1540 4247 1673 4289 ante
1703 4234 1981 4307 precibus
2013 4237 2366 4306 optavimu8‚

61 4308 92 4348 te
112 4304 292 4355 moveri
360 4312 485 4357 osse
503 4321 520 4371 3
559 4302 661 4359 sed
687 4322 754 4358 ea
783 4304 1044 4357 vovimus
1073 4304 1200 4356 Deo
1241 4302 1412 4357 irate.
2336 4340 2339 4342 Δ

97 4367 200 4423 V.-5
320 4371 389 4421 ed
421 4373 610 4423 merita
647 4370 968 4451 etfamam]
1041 4371 1304 4426 Verbum
1338 4371 1561 4442 perdere
1590 4373 1765 4441 semel
1792 4372 2045 4445 positum
2076 4371 2367 4447 duplicem
2410 4390 2444 4432 μ’

59 4432 127 4486 vim
158 4438 331 4495 babet.
388 4443 562 4495 ·Nam
604 4440 782 4512 perdit
832 4449 1054 4509 merua,
1109 4442 1211 4513 qui
1265 4459 1334 4494 ex
1380 4440 1676 4495 beneficiis
1726 4442 1784 4493 in
1837 4443 2086 4495 alterum
2142 4442 2369 4496 collatis

60 4504 217 4559 nullum
247 4510 496 4567 fructum
529 4512 705 4584 capit,
741 4509 1002 4565 ut·0erba
1033 4508 1238 4581 perdit,
1277 4509 1377 4583 qui
1423 4509 1645 4589 frustra
1688 4510 1791 4565 illa
1839 4508 2122 4582 impendit
2132 4530 2153 4580 3
2192 4508 2373 4581 perdit

1717 4731 1748 4761 R.
