<?xml version="1.0" encoding="UTF-8"?>
<!DOCTYPE html PUBLIC "-//W3C//DTD XHTML 1.0 Transitional//EN"
    "http://www.w3.org/TR/xhtml1/DTD/xhtml1-transitional.dtd">
<html xmlns="http://www.w3.org/1999/xhtml" xml:lang="en" lang="en">
 <head>
  <title>
</title>
<meta http-equiv="Content-Type" content="text/html;charset=utf-8" />
  <meta name='ocr-system' content='tesseract 3.04.00' />
  <meta name='ocr-capabilities' content='ocr_page ocr_carea ocr_par ocr_line ocrx_word'/>
</head>
<body>
  <div class='ocr_page' id='page_1' title='image "./dictataadovidii00friegoog_0125.png"; bbox 0 0 2909 5050; ppageno 0'>
   <div class='ocr_carea' id='block_1_1' title="bbox 850 76 1912 250">
    <p class='ocr_par' dir='ltr' id='par_1_1' title="bbox 850 76 1912 250">
     <span class='ocr_line' id='line_1_1' title="bbox 850 76 871 152; baseline 0 0"><span class='ocrx_word' id='word_1_1' title='bbox 850 76 871 152; x_wconf 64' lang='lat' dir='ltr'><strong>i</strong></span> 
     </span>
     <span class='ocr_line' id='line_1_2' title="bbox 1901 213 1912 250; baseline 0 0"><span class='ocrx_word' id='word_1_2' title='bbox 1901 213 1912 250; x_wconf 66' lang='lat' dir='ltr'><strong>t</strong></span> 
     </span>
    </p>
   </div>
   <div class='ocr_carea' id='block_1_2' title="bbox 937 275 2406 368">
    <p class='ocr_par' dir='ltr' id='par_1_2' title="bbox 937 275 2406 368">
     <span class='ocr_line' id='line_1_3' title="bbox 937 275 2406 368; baseline 0.018 -40"><span class='ocrx_word' id='word_1_3' title='bbox 937 275 1173 336; x_wconf 72' lang='lat' dir='ltr'><strong>mov.</strong></span> <span class='ocrx_word' id='word_1_4' title='bbox 1210 281 1377 339; x_wconf 76' lang='grc' dir='ltr'><strong>ΗΕΒ.</strong></span> <span class='ocrx_word' id='word_1_5' title='bbox 1412 283 1530 341; x_wconf 64' lang='lat' dir='ltr'><strong>xx</strong></span> <span class='ocrx_word' id='word_1_6' title='bbox 1613 363 1620 368; x_wconf 80' lang='lat'><strong>.</strong></span> <span class='ocrx_word' id='word_1_7' title='bbox 2243 289 2406 360; x_wconf 81' lang='grc'><strong>113</strong></span> 
     </span>
    </p>
   </div>
   <div class='ocr_carea' id='block_1_3' title="bbox 46 391 2410 554">
    <p class='ocr_par' dir='ltr' id='par_1_3' title="bbox 46 391 2410 554">
     <span class='ocr_line' id='line_1_4' title="bbox 46 391 2410 498; baseline 0.012 -33"><span class='ocrx_word' id='word_1_8' title='bbox 46 417 210 470; x_wconf 82' lang='lat' dir='ltr'><strong>Verr.</strong></span> <span class='ocrx_word' id='word_1_9' title='bbox 247 391 321 482; x_wconf 58' lang='grc'><strong>4,&gt;</strong></span> <span class='ocrx_word' id='word_1_10' title='bbox 340 417 427 484; x_wconf 84' lang='grc'><strong>37.</strong></span> <span class='ocrx_word' id='word_1_11' title='bbox 476 415 603 469; x_wconf 82' lang='lat' dir='ltr'><strong>Non</strong></span> <span class='ocrx_word' id='word_1_12' title='bbox 639 439 929 495; x_wconf 81' lang='lat' dir='ltr'><strong>praecerpo</strong></span> <span class='ocrx_word' id='word_1_13' title='bbox 942 427 1193 495; x_wconf 78' lang='lat' dir='ltr'><strong>fructum</strong></span> <span class='ocrx_word' id='word_1_14' title='bbox 1228 429 1391 496; x_wconf 80' lang='lat' dir='ltr'><strong>officii</strong></span> <span class='ocrx_word' id='word_1_15' title='bbox 1422 431 1532 498; x_wconf 80' lang='lat' dir='ltr'><strong>tui,</strong></span> <span class='ocrx_word' id='word_1_16' title='bbox 1586 448 1697 484; x_wconf 82' lang='lat' dir='ltr'><strong>non</strong></span> <span class='ocrx_word' id='word_1_17' title='bbox 1741 435 1978 488; x_wconf 84' lang='lat' dir='ltr'><strong>alienam</strong></span> <span class='ocrx_word' id='word_1_18' title='bbox 2015 407 2150 490; x_wconf 67' lang='lat' dir='ltr'><strong>mila·</strong></span> <span class='ocrx_word' id='word_1_19' title='bbox 2189 441 2410 496; x_wconf 77' lang='lat' dir='ltr'><strong>laudem</strong></span> 
     </span>
     <span class='ocr_line' id='line_1_5' title="bbox 47 488 843 554; baseline 0.006 -18"><span class='ocrx_word' id='word_1_20' title='bbox 47 491 256 554; x_wconf 77' lang='lat' dir='ltr'><strong>appete.</strong></span> <span class='ocrx_word' id='word_1_21' title='bbox 296 503 349 540; x_wconf 83' lang='lat' dir='ltr'><strong>v.</strong></span> <span class='ocrx_word' id='word_1_22' title='bbox 383 488 575 544; x_wconf 78' lang='lat' dir='ltr'><strong>Heius,</strong></span> <span class='ocrx_word' id='word_1_23' title='bbox 612 491 684 544; x_wconf 88' lang='lat' dir='ltr'><strong>ad</strong></span> <span class='ocrx_word' id='word_1_24' title='bbox 719 491 773 546; x_wconf 89' lang='lat' dir='ltr'><strong>h.</strong></span> <span class='ocrx_word' id='word_1_25' title='bbox 809 493 843 545; x_wconf 90' lang='lat'><strong>1.</strong></span> 
     </span>
    </p>
   </div>
   <div class='ocr_carea' id='block_1_4' title="bbox 43 553 2410 1112">
    <p class='ocr_par' dir='ltr' id='par_1_4' title="bbox 46 553 2410 748">
     <span class='ocr_line' id='line_1_6' title="bbox 110 553 2410 644; baseline 0.013 -40"><span class='ocrx_word' id='word_1_26' title='bbox 110 553 182 607; x_wconf 88' lang='lat' dir='ltr'><strong>V.</strong></span> <span class='ocrx_word' id='word_1_27' title='bbox 228 555 344 620; x_wconf 74' lang='grc'><strong>144.</strong></span> <span class='ocrx_word' id='word_1_28' title='bbox 448 555 545 604; x_wconf 88' lang='lat' dir='ltr'><strong>Ad</strong></span> <span class='ocrx_word' id='word_1_29' title='bbox 575 575 750 639; x_wconf 77' lang='lat' dir='ltr'><strong>sepem</strong></span> <span class='ocrx_word' id='word_1_30' title='bbox 804 560 935 630; x_wconf 83' lang='lat' dir='ltr'><strong>etc-J</strong></span> <span class='ocrx_word' id='word_1_31' title='bbox 1037 565 1241 619; x_wconf 86' lang='lat' dir='ltr'><strong>Pulcre</strong></span> <span class='ocrx_word' id='word_1_32' title='bbox 1288 568 1581 622; x_wconf 83' lang='lat' dir='ltr'><strong>continuat</strong></span> <span class='ocrx_word' id='word_1_33' title='bbox 1625 574 2038 644; x_wconf 77' lang='lat' dir='ltr'><strong>metaphoram.</strong></span> <span class='ocrx_word' id='word_1_34' title='bbox 2143 574 2214 631; x_wconf 89' lang='lat' dir='ltr'><strong>Se</strong></span> <span class='ocrx_word' id='word_1_35' title='bbox 2252 597 2278 628; x_wconf 88' lang='lat' dir='ltr'><strong>s</strong></span> <span class='ocrx_word' id='word_1_36' title='bbox 2319 591 2410 634; x_wconf 87' lang='lat' dir='ltr'><strong>est</strong></span> 
     </span>
     <span class='ocr_line' id='line_1_7' title="bbox 47 597 2404 748; baseline 0.015 -81"><span class='ocrx_word' id='word_1_37' title='bbox 47 638 180 740; x_wconf 53' lang='lat' dir='ltr'><strong>agelli</strong></span> <span class='ocrx_word' id='word_1_38' title='bbox 212 623 450 744; x_wconf 60' lang='lat' dir='ltr'><strong>sepibuis</strong></span> <span class='ocrx_word' id='word_1_39' title='bbox 471 637 746 748; x_wconf 46' lang='lat' dir='ltr'><strong>inguim.</strong></span> <span class='ocrx_word' id='word_1_40' title='bbox 818 631 947 684; x_wconf 86' lang='lat' dir='ltr'><strong>Val.</strong></span> <span class='ocrx_word' id='word_1_41' title='bbox 982 633 1031 684; x_wconf 89' lang='lat' dir='ltr'><strong>F</strong></span> <span class='ocrx_word' id='word_1_42' title='bbox 1032 633 1172 726; x_wconf 44' lang='lat' dir='ltr'><strong>lace&lt;</strong></span> <span class='ocrx_word' id='word_1_43' title='bbox 1207 634 1274 699; x_wconf 89' lang='lat'><strong>6,</strong></span> <span class='ocrx_word' id='word_1_44' title='bbox 1309 637 1427 706; x_wconf 87' lang='lat'><strong><em>537.</em></strong></span> <span class='ocrx_word' id='word_1_45' title='bbox 1479 657 1586 687; x_wconf 86' lang='lat' dir='ltr'><strong>non</strong></span> <span class='ocrx_word' id='word_1_46' title='bbox 1609 658 1835 710; x_wconf 63' lang='lat' dir='ltr'><strong>pasc-aa,</strong></span> <span class='ocrx_word' id='word_1_47' title='bbox 1870 660 1980 692; x_wconf 85' lang='lat' dir='ltr'><strong>non</strong></span> <span class='ocrx_word' id='word_1_48' title='bbox 2006 651 2124 714; x_wconf 74' lang='lat' dir='ltr'><strong>seps</strong></span> <span class='ocrx_word' id='word_1_49' title='bbox 2147 597 2259 696; x_wconf 40' lang='lat' dir='ltr'><strong>Hip}</strong></span> <span class='ocrx_word' id='word_1_50' title='bbox 2290 648 2404 702; x_wconf 82' lang='lat' dir='ltr'><strong>tibi.</strong></span> 
     </span>
     <span class='ocr_line' id='line_1_8' title="bbox 46 706 601 746; baseline 0.013 -8"><span class='ocrx_word' id='word_1_51' title='bbox 46 709 92 746; x_wconf 76' lang='lat' dir='ltr'><strong>v,</strong></span> <span class='ocrx_word' id='word_1_52' title='bbox 186 706 325 746; x_wconf 79' lang='lat' dir='ltr'><strong>ems,</strong></span> <span class='ocrx_word' id='word_1_53' title='bbox 363 709 392 742; x_wconf 87' lang='lat' dir='ltr'><strong>a</strong></span> <span class='ocrx_word' id='word_1_54' title='bbox 512 729 523 739; x_wconf 88' lang='lat'><strong>.</strong></span> <span class='ocrx_word' id='word_1_55' title='bbox 588 731 601 745; x_wconf 86' lang='lat'><strong>.</strong></span> 
     </span>
    </p>

    <p class='ocr_par' dir='ltr' id='par_1_5' title="bbox 43 756 2406 1112">
     <span class='ocr_line' id='line_1_9' title="bbox 107 756 2406 854; baseline 0.014 -47"><span class='ocrx_word' id='word_1_56' title='bbox 107 756 179 812; x_wconf 89' lang='lat' dir='ltr'><strong>V.</strong></span> <span class='ocrx_word' id='word_1_57' title='bbox 227 761 338 830; x_wconf 72' lang='lat'><strong>149.</strong></span> <span class='ocrx_word' id='word_1_58' title='bbox 392 759 477 808; x_wconf 81' lang='lat' dir='ltr'><em>V</em></span> <span class='ocrx_word' id='word_1_59' title='bbox 473 762 643 828; x_wconf 84' lang='lat' dir='ltr'><strong>acuis]</strong></span> <span class='ocrx_word' id='word_1_60' title='bbox 678 763 716 816; x_wconf 88' lang='lat' dir='ltr'><strong>i.</strong></span> <span class='ocrx_word' id='word_1_61' title='bbox 756 783 804 821; x_wconf 88' lang='lat' dir='ltr'><strong>e.</strong></span> <span class='ocrx_word' id='word_1_62' title='bbox 838 784 958 820; x_wconf 91' lang='lat' dir='ltr'><strong>non</strong></span> <span class='ocrx_word' id='word_1_63' title='bbox 994 766 1309 840; x_wconf 83' lang='lat' dir='ltr'><strong>desponsis.</strong></span> <span class='ocrx_word' id='word_1_64' title='bbox 1401 771 1498 825; x_wconf 89' lang='lat' dir='ltr'><strong>Sic</strong></span> <span class='ocrx_word' id='word_1_65' title='bbox 1535 790 1730 835; x_wconf 64' lang='lat' dir='ltr'><strong>vacuas</strong></span> <span class='ocrx_word' id='word_1_66' title='bbox 1754 779 1951 844; x_wconf 83' lang='lat' dir='ltr'><strong>lectas,</strong></span> <span class='ocrx_word' id='word_1_67' title='bbox 1986 779 2046 832; x_wconf 87' lang='lat' dir='ltr'><strong>in</strong></span> <span class='ocrx_word' id='word_1_68' title='bbox 2081 792 2200 854; x_wconf 78' lang='lat' dir='ltr'><strong>quo</strong></span> <span class='ocrx_word' id='word_1_69' title='bbox 2240 783 2406 839; x_wconf 80' lang='lat' dir='ltr'><strong>deest</strong></span> 
     </span>
     <span class='ocr_line' id='line_1_10' title="bbox 44 825 2406 915; baseline 0.013 -39"><span class='ocrx_word' id='word_1_70' title='bbox 44 825 279 878; x_wconf 84' lang='lat' dir='ltr'><strong>maritus</strong></span> <span class='ocrx_word' id='word_1_71' title='bbox 316 827 409 880; x_wconf 82' lang='lat' dir='ltr'><strong>vel</strong></span> <span class='ocrx_word' id='word_1_72' title='bbox 443 847 608 895; x_wconf 85' lang='lat' dir='ltr'><strong>uxor,</strong></span> <span class='ocrx_word' id='word_1_73' title='bbox 645 849 739 884; x_wconf 89' lang='lat' dir='ltr'><strong>sae</strong></span> <span class='ocrx_word' id='word_1_74' title='bbox 777 851 815 900; x_wconf 86' lang='lat' dir='ltr'><strong>e</strong></span> <span class='ocrx_word' id='word_1_75' title='bbox 851 834 1007 907; x_wconf 89' lang='lat' dir='ltr'><strong>apud</strong></span> <span class='ocrx_word' id='word_1_76' title='bbox 1040 837 1323 896; x_wconf 79' lang='lat' dir='ltr'><strong>Ovidium.</strong></span> <span class='ocrx_word' id='word_1_77' title='bbox 1392 841 1464 893; x_wconf 88' lang='lat' dir='ltr'><strong>Et</strong></span> <span class='ocrx_word' id='word_1_78' title='bbox 1491 843 1680 895; x_wconf 80' lang='lat' dir='ltr'><strong>mulier·</strong></span> <span class='ocrx_word' id='word_1_79' title='bbox 1709 862 1900 912; x_wconf 69' lang='lat' dir='ltr'><strong>vacua,</strong></span> <span class='ocrx_word' id='word_1_80' title='bbox 1935 847 2128 915; x_wconf 84' lang='lat' dir='ltr'><strong>vidua,</strong></span> <span class='ocrx_word' id='word_1_81' title='bbox 2166 851 2260 904; x_wconf 84' lang='lat' dir='ltr'><strong>vel</strong></span> <span class='ocrx_word' id='word_1_82' title='bbox 2284 871 2406 905; x_wconf 87' lang='lat' dir='ltr'><strong>non</strong></span> 
     </span>
     <span class='ocr_line' id='line_1_11' title="bbox 43 893 2404 976; baseline 0.011 -30"><span class='ocrx_word' id='word_1_83' title='bbox 43 893 259 946; x_wconf 85' lang='lat' dir='ltr'><strong>habens</strong></span> <span class='ocrx_word' id='word_1_84' title='bbox 294 897 577 963; x_wconf 84' lang='lat' dir='ltr'><strong>maritum,</strong></span> <span class='ocrx_word' id='word_1_85' title='bbox 617 916 705 970; x_wconf 85' lang='lat' dir='ltr'><strong>ap.</strong></span> <span class='ocrx_word' id='word_1_86' title='bbox 792 919 875 958; x_wconf 87' lang='lat' dir='ltr'><strong>ac.</strong></span> <span class='ocrx_word' id='word_1_87' title='bbox 902 905 1052 959; x_wconf 86' lang='lat' dir='ltr'><strong>Ann.</strong></span> <span class='ocrx_word' id='word_1_88' title='bbox 1098 905 1178 970; x_wconf 80' lang='grc'><strong>13,</strong></span> <span class='ocrx_word' id='word_1_89' title='bbox 1214 910 1299 976; x_wconf 78' lang='grc'><strong>44.</strong></span> <span class='ocrx_word' id='word_1_90' title='bbox 1370 909 1487 962; x_wconf 90' lang='lat' dir='ltr'><strong>Sed</strong></span> <span class='ocrx_word' id='word_1_91' title='bbox 1523 927 1650 964; x_wconf 89' lang='lat' dir='ltr'><strong>cum</strong></span> <span class='ocrx_word' id='word_1_92' title='bbox 1687 912 1923 968; x_wconf 87' lang='lat' dir='ltr'><strong>Ovidius</strong></span> <span class='ocrx_word' id='word_1_93' title='bbox 1961 916 2135 972; x_wconf 84' lang='lat' dir='ltr'><strong>addat</strong></span> <span class='ocrx_word' id='word_1_94' title='bbox 2165 919 2404 973; x_wconf 85' lang='lat' dir='ltr'><strong>verbum</strong></span> 
     </span>
     <span class='ocr_line' id='line_1_12' title="bbox 46 960 2402 1048; baseline 0.015 -41"><span class='ocrx_word' id='word_1_95' title='bbox 46 960 330 1031; x_wconf 67' lang='lat' dir='ltr'><strong>vindicare,</strong></span> <span class='ocrx_word' id='word_1_96' title='bbox 368 967 665 1038; x_wconf 81' lang='lat' dir='ltr'><strong>significat,</strong></span> <span class='ocrx_word' id='word_1_97' title='bbox 706 987 766 1022; x_wconf 91' lang='lat' dir='ltr'><strong>se</strong></span> <span class='ocrx_word' id='word_1_98' title='bbox 802 971 947 1026; x_wconf 84' lang='lat' dir='ltr'><strong>hanc</strong></span> <span class='ocrx_word' id='word_1_99' title='bbox 982 973 1333 1030; x_wconf 84' lang='lat' dir='ltr'><strong>locutionem</strong></span> <span class='ocrx_word' id='word_1_100' title='bbox 1363 976 1597 1033; x_wconf 82' lang='lat' dir='ltr'><strong>duxisse</strong></span> <span class='ocrx_word' id='word_1_101' title='bbox 1629 998 1660 1034; x_wconf 89' lang='lat' dir='ltr'><strong>e</strong></span> <span class='ocrx_word' id='word_1_102' title='bbox 1688 981 1836 1048; x_wconf 83' lang='lat' dir='ltr'><strong>jure,</strong></span> <span class='ocrx_word' id='word_1_103' title='bbox 1875 983 1976 1036; x_wconf 88' lang='lat' dir='ltr'><strong>uhi</strong></span> <span class='ocrx_word' id='word_1_104' title='bbox 2007 1002 2176 1037; x_wconf 79' lang='lat' dir='ltr'><strong>vacua</strong></span> <span class='ocrx_word' id='word_1_105' title='bbox 2207 987 2402 1042; x_wconf 88' lang='lat' dir='ltr'><strong>dicun-</strong></span> 
     </span>
     <span class='ocr_line' id='line_1_13' title="bbox 44 1037 2394 1112; baseline 0.012 -30"><span class='ocrx_word' id='word_1_106' title='bbox 44 1042 167 1093; x_wconf 85' lang='lat' dir='ltr'><strong>tur,</strong></span> <span class='ocrx_word' id='word_1_107' title='bbox 223 1049 375 1102; x_wconf 85' lang='lat' dir='ltr'><strong>quae</strong></span> <span class='ocrx_word' id='word_1_108' title='bbox 426 1051 460 1086; x_wconf 88' lang='lat' dir='ltr'><strong>a</strong></span> <span class='ocrx_word' id='word_1_109' title='bbox 506 1037 733 1091; x_wconf 87' lang='lat' dir='ltr'><strong>nemine</strong></span> <span class='ocrx_word' id='word_1_110' title='bbox 784 1053 1185 1112; x_wconf 76' lang='lat' dir='ltr'>occupantur,</span> <span class='ocrx_word' id='word_1_111' title='bbox 1240 1062 1286 1096; x_wconf 87' lang='lat' dir='ltr'><strong>·a</strong></span> <span class='ocrx_word' id='word_1_112' title='bbox 1335 1047 1564 1101; x_wconf 88' lang='lat' dir='ltr'><strong>nemine</strong></span> <span class='ocrx_word' id='word_1_113' title='bbox 1611 1049 1989 1108; x_wconf 81' lang='lat' dir='ltr'><strong>vindicantur.</strong></span> <span class='ocrx_word' id='word_1_114' title='bbox 2057 1075 2110 1108; x_wconf 86' lang='lat' dir='ltr'><strong>v.</strong></span> <span class='ocrx_word' id='word_1_115' title='bbox 2146 1057 2394 1110; x_wconf 87' lang='lat' dir='ltr'><strong>Brisson·</strong></span> 
     </span>
    </p>
   </div>
   <div class='ocr_carea' id='block_1_5' title="bbox 45 1097 317 1152">
    <p class='ocr_par' dir='ltr' id='par_1_6' title="bbox 45 1097 317 1152">
     <span class='ocr_line' id='line_1_14' title="bbox 45 1097 317 1152; baseline 0.007 -2"><span class='ocrx_word' id='word_1_116' title='bbox 45 1097 109 1150; x_wconf 89' lang='lat' dir='ltr'><strong>de</strong></span> <span class='ocrx_word' id='word_1_117' title='bbox 145 1099 219 1150; x_wconf 88' lang='lat' dir='ltr'><strong>V.</strong></span> <span class='ocrx_word' id='word_1_118' title='bbox 260 1099 317 1152; x_wconf 87' lang='lat' dir='ltr'><strong>S.</strong></span> 
     </span>
    </p>
   </div>
   <div class='ocr_carea' id='block_1_6' title="bbox 26 1166 2404 4121">
    <p class='ocr_par' dir='ltr' id='par_1_7' title="bbox 43 1166 2404 1322">
     <span class='ocr_line' id='line_1_15' title="bbox 104 1166 2404 1257; baseline 0.012 -37"><span class='ocrx_word' id='word_1_119' title='bbox 104 1167 173 1218; x_wconf 88' lang='lat' dir='ltr'><strong>V·</strong></span> <span class='ocrx_word' id='word_1_120' title='bbox 220 1169 337 1220; x_wconf 82' lang='grc'><strong>150.</strong></span> <span class='ocrx_word' id='word_1_121' title='bbox 424 1166 488 1220; x_wconf 83' lang='lat' dir='ltr'><strong>Si</strong></span> <span class='ocrx_word' id='word_1_122' title='bbox 532 1169 724 1242; x_wconf 83' lang='lat' dir='ltr'><strong>nescis]</strong></span> <span class='ocrx_word' id='word_1_123' title='bbox 794 1175 829 1229; x_wconf 89' lang='lat' dir='ltr'><strong>i.</strong></span> <span class='ocrx_word' id='word_1_124' title='bbox 870 1195 919 1232; x_wconf 90' lang='lat' dir='ltr'><strong>e.</strong></span> <span class='ocrx_word' id='word_1_125' title='bbox 953 1189 1016 1231; x_wconf 90' lang='lat' dir='ltr'><strong>ut</strong></span> <span class='ocrx_word' id='word_1_126' title='bbox 1050 1177 1164 1232; x_wconf 88' lang='lat' dir='ltr'><strong>hoc</strong></span> <span class='ocrx_word' id='word_1_127' title='bbox 1197 1173 1373 1241; x_wconf 80' lang='lat' dir='ltr'><strong>scias,</strong></span> <span class='ocrx_word' id='word_1_128' title='bbox 1412 1201 1484 1238; x_wconf 90' lang='lat' dir='ltr'><strong>ne</strong></span> <span class='ocrx_word' id='word_1_129' title='bbox 1519 1185 1634 1237; x_wconf 88' lang='lat' dir='ltr'><strong>hoc</strong></span> <span class='ocrx_word' id='word_1_130' title='bbox 1671 1185 1913 1257; x_wconf 83' lang='lat' dir='ltr'><strong>ignores.</strong></span> <span class='ocrx_word' id='word_1_131' title='bbox 1983 1189 2252 1253; x_wconf 79' lang='lat' dir='ltr'><strong>Venusta’</strong></span> <span class='ocrx_word' id='word_1_132' title='bbox 2280 1193 2404 1247; x_wconf 84' lang='lat' dir='ltr'><strong>for-</strong></span> 
     </span>
     <span class='ocr_line' id='line_1_16' title="bbox 43 1233 2238 1322; baseline 0.01 -35"><span class='ocrx_word' id='word_1_133' title='bbox 43 1233 203 1287; x_wconf 82' lang='lat' dir='ltr'><strong>mula.</strong></span> <span class='ocrx_word' id='word_1_134' title='bbox 280 1236 439 1310; x_wconf 76' lang='lat' dir='ltr'><strong>Virg.</strong></span> <span class='ocrx_word' id='word_1_135' title='bbox 476 1240 593 1292; x_wconf 86' lang='lat' dir='ltr'><strong>Ecl.</strong></span> <span class='ocrx_word' id='word_1_136' title='bbox 630 1241 684 1304; x_wconf 84' lang='grc'><strong>3,</strong></span> <span class='ocrx_word' id='word_1_137' title='bbox 726 1244 807 1298; x_wconf 81' lang='lat'><strong>23.</strong></span> <span class='ocrx_word' id='word_1_138' title='bbox 846 1241 909 1294; x_wconf 83' lang='lat' dir='ltr'><strong>Si</strong></span> <span class='ocrx_word' id='word_1_139' title='bbox 942 1246 1137 1308; x_wconf 77' lang='lat' dir='ltr'><strong>nescis,</strong></span> <span class='ocrx_word' id='word_1_140' title='bbox 1176 1267 1323 1314; x_wconf 65' lang='lat' dir='ltr'><strong>meus</strong></span> <span class='ocrx_word' id='word_1_141' title='bbox 1345 1251 1435 1301; x_wconf 81' lang='lat' dir='ltr'><strong>ille</strong></span> <span class='ocrx_word' id='word_1_142' title='bbox 1472 1254 1770 1322; x_wconf 78' lang='lat' dir='ltr'><strong>caperfuit.</strong></span> <span class='ocrx_word' id='word_1_143' title='bbox 2233 1311 2238 1318; x_wconf 64' lang='grc'>,</span> 
     </span>
    </p>

    <p class='ocr_par' dir='ltr' id='par_1_8' title="bbox 44 1304 2398 1525">
     <span class='ocr_line' id='line_1_17' title="bbox 102 1304 2398 1392; baseline 0.013 -38"><span class='ocrx_word' id='word_1_144' title='bbox 102 1304 172 1355; x_wconf 92' lang='lat' dir='ltr'><strong>V.</strong></span> <span class='ocrx_word' id='word_1_145' title='bbox 217 1305 334 1358; x_wconf 81' lang='lat'><strong>153.</strong></span> <span class='ocrx_word' id='word_1_146' title='bbox 416 1304 537 1356; x_wconf 82' lang='lat' dir='ltr'><em>Tibi</em></span> <span class='ocrx_word' id='word_1_147' title='bbox 571 1308 816 1380; x_wconf 77' lang='lat' dir='ltr'><strong>dicimus]</strong></span> <span class='ocrx_word' id='word_1_148' title='bbox 886 1316 988 1368; x_wconf 87' lang='lat' dir='ltr'><strong>Est</strong></span> <span class='ocrx_word' id='word_1_149' title='bbox 1022 1318 1276 1387; x_wconf 80' lang='lat' dir='ltr'><strong>graviter</strong></span> <span class='ocrx_word' id='word_1_150' title='bbox 1310 1319 1658 1392; x_wconf 88' lang='lat' dir='ltr'><strong>increpantis</strong></span> <span class='ocrx_word' id='word_1_151' title='bbox 1706 1333 1763 1376; x_wconf 89' lang='lat' dir='ltr'><strong>et</strong></span> <span class='ocrx_word' id='word_1_152' title='bbox 1813 1323 2078 1380; x_wconf 84' lang='lat' dir='ltr'><strong>minantis</strong></span> <span class='ocrx_word' id='word_1_153' title='bbox 2129 1327 2398 1384; x_wconf 80' lang='lat' dir='ltr'><strong>formula.</strong></span> 
     </span>
     <span class='ocr_line' id='line_1_18' title="bbox 45 1373 2397 1466; baseline 0.01 -43"><span class='ocrx_word' id='word_1_154' title='bbox 45 1374 163 1425; x_wconf 85' lang='lat' dir='ltr'><strong>Ter.</strong></span> <span class='ocrx_word' id='word_1_155' title='bbox 202 1373 352 1428; x_wconf 86' lang='lat' dir='ltr'><strong>Eun.</strong></span> <span class='ocrx_word' id='word_1_156' title='bbox 390 1392 440 1439; x_wconf 80' lang='lat'><strong>2,</strong></span> <span class='ocrx_word' id='word_1_157' title='bbox 478 1377 528 1441; x_wconf 86' lang='lat'><strong>3,</strong></span> <span class='ocrx_word' id='word_1_158' title='bbox 564 1379 650 1442; x_wconf 78' lang='grc'><strong>45.</strong></span> <span class='ocrx_word' id='word_1_159' title='bbox 720 1379 909 1432; x_wconf 82' lang='lat' dir='ltr'><em>Heus!</em></span> <span class='ocrx_word' id='word_1_160' title='bbox 957 1383 1124 1435; x_wconf 76' lang='lat' dir='ltr'><strong>heus!</strong></span> <span class='ocrx_word' id='word_1_161' title='bbox 1159 1385 1255 1434; x_wconf 86' lang='lat' dir='ltr'><strong>tibi</strong></span> <span class='ocrx_word' id='word_1_162' title='bbox 1290 1384 1426 1448; x_wconf 82' lang='lat' dir='ltr'><strong>dico,</strong></span> <span class='ocrx_word' id='word_1_163' title='bbox 1475 1389 1724 1441; x_wconf 77' lang='lat' dir='ltr'><strong>Chaerea.</strong></span> <span class='ocrx_word' id='word_1_164' title='bbox 1797 1393 1937 1450; x_wconf 63' lang='lat' dir='ltr'><strong>Met}</strong></span> <span class='ocrx_word' id='word_1_165' title='bbox 1971 1413 2040 1466; x_wconf 87' lang='lat'><strong>9,</strong></span> <span class='ocrx_word' id='word_1_166' title='bbox 2099 1414 2210 1450; x_wconf 76' lang='lat'><strong>122.</strong></span> <span class='ocrx_word' id='word_1_167' title='bbox 2284 1399 2397 1465; x_wconf 80' lang='lat' dir='ltr'><strong>tibi,</strong></span> 
     </span>
     <span class='ocr_line' id='line_1_19' title="bbox 44 1437 1756 1525; baseline 0.018 -38"><span class='ocrx_word' id='word_1_168' title='bbox 44 1437 195 1489; x_wconf 84' lang='lat' dir='ltr'><em>Nesse</em></span> <span class='ocrx_word' id='word_1_169' title='bbox 236 1441 501 1508; x_wconf 75' lang='lat' dir='ltr'><strong>biformis,</strong></span> <span class='ocrx_word' id='word_1_170' title='bbox 537 1443 803 1500; x_wconf 82' lang='lat' dir='ltr'><strong>Dicimus.</strong></span> <span class='ocrx_word' id='word_1_171' title='bbox 878 1471 923 1502; x_wconf 82' lang='lat' dir='ltr'><strong>v.</strong></span> <span class='ocrx_word' id='word_1_172' title='bbox 964 1452 1093 1525; x_wconf 88' lang='lat' dir='ltr'><strong>Intp</strong></span> <span class='ocrx_word' id='word_1_173' title='bbox 1144 1492 1157 1504; x_wconf 89' lang='lat'><strong>.</strong></span> <span class='ocrx_word' id='word_1_174' title='bbox 1198 1453 1271 1506; x_wconf 83' lang='lat' dir='ltr'><strong>ad</strong></span> <span class='ocrx_word' id='word_1_175' title='bbox 1310 1455 1365 1508; x_wconf 88' lang='lat' dir='ltr'><strong>h.</strong></span> <span class='ocrx_word' id='word_1_176' title='bbox 1404 1457 1443 1509; x_wconf 92' lang='lat' dir='ltr'><strong>l.</strong></span> <span class='ocrx_word' id='word_1_177' title='bbox 1748 1501 1756 1517; x_wconf 59' lang='lat'>1</span> 
     </span>
    </p>

    <p class='ocr_par' dir='ltr' id='par_1_9' title="bbox 41 1471 2396 1837">
     <span class='ocr_line' id='line_1_20' title="bbox 100 1471 2396 1591; baseline 0.012 -29"><span class='ocrx_word' id='word_1_178' title='bbox 100 1509 175 1562; x_wconf 94' lang='lat' dir='ltr'><strong>V.</strong></span> <span class='ocrx_word' id='word_1_179' title='bbox 221 1510 337 1564; x_wconf 79' lang='lat'><strong>155.</strong></span> <span class='ocrx_word' id='word_1_180' title='bbox 410 1509 487 1560; x_wconf 77' lang='lat' dir='ltr'><strong>Et</strong></span> <span class='ocrx_word' id='word_1_181' title='bbox 522 1521 576 1562; x_wconf 81' lang='lat' dir='ltr'><strong>tu</strong></span> <span class='ocrx_word' id='word_1_182' title='bbox 612 1514 837 1568; x_wconf 79' lang='lat' dir='ltr'><strong>humani</strong></span> <span class='ocrx_word' id='word_1_183' title='bbox 872 1519 1001 1587; x_wconf 86' lang='lat' dir='ltr'><strong>etc.]</strong></span> <span class='ocrx_word' id='word_1_184' title='bbox 1086 1471 1404 1576; x_wconf 54' lang='lat' dir='ltr'><strong>lgm-issima</strong></span> <span class='ocrx_word' id='word_1_185' title='bbox 1442 1535 1530 1578; x_wconf 86' lang='lat' dir='ltr'><strong>est</strong></span> <span class='ocrx_word' id='word_1_186' title='bbox 1567 1525 1728 1578; x_wconf 88' lang='lat' dir='ltr'><strong>elisio</strong></span> <span class='ocrx_word' id='word_1_187' title='bbox 1767 1528 1926 1582; x_wconf 86' lang='lat' dir='ltr'><strong>vocis</strong></span> <span class='ocrx_word' id='word_1_188' title='bbox 1962 1527 2052 1591; x_wconf 63' lang='grc' dir='ltr'><strong>τά,</strong></span> <span class='ocrx_word' id='word_1_189' title='bbox 2105 1551 2212 1586; x_wconf 90' lang='lat' dir='ltr'><strong>nec</strong></span> <span class='ocrx_word' id='word_1_190' title='bbox 2247 1551 2396 1588; x_wconf 89' lang='lat' dir='ltr'><strong>com-</strong></span> 
     </span>
     <span class='ocr_line' id='line_1_21' title="bbox 44 1575 2395 1662; baseline 0.011 -33"><span class='ocrx_word' id='word_1_191' title='bbox 44 1575 241 1629; x_wconf 87' lang='lat' dir='ltr'><strong>modus</strong></span> <span class='ocrx_word' id='word_1_192' title='bbox 280 1595 479 1632; x_wconf 88' lang='lat' dir='ltr'><strong>sensus</strong></span> <span class='ocrx_word' id='word_1_193' title='bbox 523 1580 580 1635; x_wconf 89' lang='lat' dir='ltr'><strong>in</strong></span> <span class='ocrx_word' id='word_1_194' title='bbox 627 1603 677 1636; x_wconf 88' lang='lat' dir='ltr'><strong>v.</strong></span> <span class='ocrx_word' id='word_1_195' title='bbox 723 1584 963 1640; x_wconf 81' lang='lat' dir='ltr'><strong>humani.</strong></span> <span class='ocrx_word' id='word_1_196' title='bbox 1034 1590 1161 1642; x_wconf 88' lang='lat' dir='ltr'><strong>Non</strong></span> <span class='ocrx_word' id='word_1_197' title='bbox 1212 1593 1537 1662; x_wconf 83' lang='lat' dir='ltr'><strong>spernenda</strong></span> <span class='ocrx_word' id='word_1_198' title='bbox 1588 1593 1815 1649; x_wconf 84' lang='lat' dir='ltr'><strong>videtur</strong></span> <span class='ocrx_word' id='word_1_199' title='bbox 1862 1599 1927 1650; x_wconf 92' lang='lat' dir='ltr'><strong>P.</strong></span> <span class='ocrx_word' id='word_1_200' title='bbox 1980 1601 2210 1653; x_wconf 86' lang='lat' dir='ltr'><strong>Francii</strong></span> <span class='ocrx_word' id='word_1_201' title='bbox 2263 1619 2395 1656; x_wconf 86' lang='lat' dir='ltr'><strong>con-</strong></span> 
     </span>
     <span class='ocr_line' id='line_1_22' title="bbox 41 1644 2396 1732; baseline 0.009 -34"><span class='ocrx_word' id='word_1_202' title='bbox 41 1647 291 1714; x_wconf 83' lang='lat' dir='ltr'><strong>jectura:</strong></span> <span class='ocrx_word' id='word_1_203' title='bbox 339 1644 486 1699; x_wconf 84' lang='lat' dir='ltr'><strong>Nam</strong></span> <span class='ocrx_word' id='word_1_204' title='bbox 523 1651 671 1719; x_wconf 79' lang='lat' dir='ltr'><strong>quod</strong></span> <span class='ocrx_word' id='word_1_205' title='bbox 700 1651 864 1704; x_wconf 81' lang='lat' dir='ltr'><strong>habes</strong></span> <span class='ocrx_word' id='word_1_206' title='bbox 898 1665 948 1705; x_wconf 78' lang='lat' dir='ltr'><strong>et</strong></span> <span class='ocrx_word' id='word_1_207' title='bbox 993 1665 1049 1706; x_wconf 82' lang='lat' dir='ltr'><strong>tu</strong></span> <span class='ocrx_word' id='word_1_208' title='bbox 1086 1657 1314 1708; x_wconf 78' lang='lat' dir='ltr'><em>thalami</em></span> <span class='ocrx_word' id='word_1_209' title='bbox 1364 1662 1524 1710; x_wconf 71' lang='lat' dir='ltr'><strong>verba</strong></span> <span class='ocrx_word' id='word_1_210' title='bbox 1559 1662 1730 1712; x_wconf 83' lang='lat' dir='ltr'><strong>altera</strong></span> <span class='ocrx_word' id='word_1_211' title='bbox 1760 1666 1925 1732; x_wconf 75' lang='lat' dir='ltr'><strong>pacti.</strong></span> <span class='ocrx_word' id='word_1_212' title='bbox 2005 1667 2196 1718; x_wconf 82' lang='lat' dir='ltr'><strong>Altera</strong></span> <span class='ocrx_word' id='word_1_213' title='bbox 2237 1671 2396 1720; x_wconf 74' lang='lat' dir='ltr'><strong>verba</strong></span> 
     </span>
     <span class='ocr_line' id='line_1_23' title="bbox 43 1716 2396 1837; baseline 0.01 -70"><span class='ocrx_word' id='word_1_214' title='bbox 43 1725 164 1794; x_wconf 69' lang='lat' dir='ltr'><strong>snnt</strong></span> <span class='ocrx_word' id='word_1_215' title='bbox 197 1716 486 1837; x_wconf 53' lang='lat' dir='ltr'><strong>priorffisiia</strong></span> <span class='ocrx_word' id='word_1_216' title='bbox 523 1723 809 1776; x_wconf 84' lang='lat' dir='ltr'><strong>contraria</strong></span> <span class='ocrx_word' id='word_1_217' title='bbox 854 1724 921 1776; x_wconf 84' lang='lat' dir='ltr'><strong>iis</strong></span> <span class='ocrx_word' id='word_1_218' title='bbox 946 1763 961 1790; x_wconf 85' lang='lat'>‚</span> <span class='ocrx_word' id='word_1_219' title='bbox 1015 1727 1225 1798; x_wconf 86' lang='lat' dir='ltr'><strong>quihus</strong></span> <span class='ocrx_word' id='word_1_220' title='bbox 1274 1727 1536 1800; x_wconf 80' lang='lat' dir='ltr'>Cydippe</span> <span class='ocrx_word' id='word_1_221' title='bbox 1573 1745 1635 1809; x_wconf 78' lang='lat' dir='ltr'><strong>se</strong></span> <span class='ocrx_word' id='word_1_222' title='bbox 1685 1731 1824 1785; x_wconf 85' lang='lat' dir='ltr'><strong>mihi</strong></span> <span class='ocrx_word' id='word_1_223' title='bbox 1858 1733 2094 1806; x_wconf 75' lang='lat' dir='ltr'><strong>pepigit.</strong></span> <span class='ocrx_word' id='word_1_224' title='bbox 2157 1755 2211 1792; x_wconf 75' lang='lat' dir='ltr'><strong>V.</strong></span> <span class='ocrx_word' id='word_1_225' title='bbox 2246 1739 2396 1791; x_wconf 90' lang='lat' dir='ltr'><strong>Heu-</strong></span> 
     </span>
     <span class='ocr_line' id='line_1_24' title="bbox 43 1801 462 1836; baseline 0.005 -2"><span class='ocrx_word' id='word_1_226' title='bbox 43 1801 115 1834; x_wconf 84' lang='lat' dir='ltr'><strong>sm</strong></span> <span class='ocrx_word' id='word_1_227' title='bbox 157 1821 170 1834; x_wconf 91' lang='lat'><strong>.</strong></span> <span class='ocrx_word' id='word_1_228' title='bbox 212 1801 243 1835; x_wconf 89' lang='lat' dir='ltr'><strong>a</strong></span> <span class='ocrx_word' id='word_1_229' title='bbox 369 1822 382 1836; x_wconf 98' lang='lat'><strong>.</strong></span> <span class='ocrx_word' id='word_1_230' title='bbox 448 1822 462 1835; x_wconf 93' lang='lat'><strong>.</strong></span> 
     </span>
    </p>

    <p class='ocr_par' dir='ltr' id='par_1_10' title="bbox 26 1851 2394 2328">
     <span class='ocr_line' id='line_1_25' title="bbox 30 1851 2393 1944; baseline 0.011 -43"><span class='ocrx_word' id='word_1_231' title='bbox 30 1874 35 1878; x_wconf 94' lang='lat'>·</span> <span class='ocrx_word' id='word_1_232' title='bbox 154 1889 167 1902; x_wconf 97' lang='lat'><strong>.</strong></span> <span class='ocrx_word' id='word_1_233' title='bbox 214 1853 327 1921; x_wconf 86' lang='lat'><strong>¹57·</strong></span> <span class='ocrx_word' id='word_1_234' title='bbox 412 1851 482 1904; x_wconf 84' lang='lat' dir='ltr'><strong>Se</strong></span> <span class='ocrx_word' id='word_1_235' title='bbox 513 1855 735 1926; x_wconf 75' lang='lat' dir='ltr'><strong>pepigit]</strong></span> <span class='ocrx_word' id='word_1_236' title='bbox 817 1851 1061 1932; x_wconf 61' lang='lat' dir='ltr'><strong>Pangeie</strong></span> <span class='ocrx_word' id='word_1_237' title='bbox 1119 1876 1177 1919; x_wconf 83' lang='lat' dir='ltr'><strong>et</strong></span> <span class='ocrx_word' id='word_1_238' title='bbox 1208 1863 1409 1932; x_wconf 84' lang='lat' dir='ltr'><strong>pacisci</strong></span> <span class='ocrx_word' id='word_1_239' title='bbox 1441 1865 1692 1937; x_wconf 87' lang='lat' dir='ltr'><strong>legitima</strong></span> <span class='ocrx_word' id='word_1_240' title='bbox 1726 1868 1905 1920; x_wconf 79' lang='lat' dir='ltr'><strong>verba</strong></span> <span class='ocrx_word' id='word_1_241' title='bbox 1951 1880 2083 1922; x_wconf 85' lang='lat' dir='ltr'><strong>sunt</strong></span> <span class='ocrx_word' id='word_1_242' title='bbox 2117 1870 2188 1924; x_wconf 92' lang='lat' dir='ltr'><strong>de</strong></span> <span class='ocrx_word' id='word_1_243' title='bbox 2223 1889 2393 1944; x_wconf 84' lang='lat' dir='ltr'><strong>spon-</strong></span> 
     </span>
     <span class='ocr_line' id='line_1_26' title="bbox 43 1919 2394 2010; baseline 0.009 -40"><span class='ocrx_word' id='word_1_244' title='bbox 43 1919 283 1986; x_wconf 84' lang='lat' dir='ltr'><strong>salibus,</strong></span> <span class='ocrx_word' id='word_1_245' title='bbox 323 1939 469 1994; x_wconf 87' lang='lat' dir='ltr'><strong>quae</strong></span> <span class='ocrx_word' id='word_1_246' title='bbox 508 1928 719 1980; x_wconf 82' lang='lat' dir='ltr'>centies</span> <span class='ocrx_word' id='word_1_247' title='bbox 750 1937 913 1996; x_wconf 85' lang='lat' dir='ltr'><strong>pacta</strong></span> <span class='ocrx_word' id='word_1_248' title='bbox 949 1930 1231 1986; x_wconf 87' lang='lat' dir='ltr'><strong>dicuntur.</strong></span> <span class='ocrx_word' id='word_1_249' title='bbox 1284 1934 1425 1987; x_wconf 87' lang='lat' dir='ltr'><strong>Met.</strong></span> <span class='ocrx_word' id='word_1_250' title='bbox 1462 1952 1526 1999; x_wconf 85' lang='lat'><strong>7,</strong></span> <span class='ocrx_word' id='word_1_251' title='bbox 1577 1951 1696 2001; x_wconf 89' lang='lat'><strong>700.</strong></span> <span class='ocrx_word' id='word_1_252' title='bbox 1766 1934 1923 1985; x_wconf 79' lang='lat' dir='ltr'><strong>Alter</strong></span> <span class='ocrx_word' id='word_1_253' title='bbox 1969 1937 2227 2008; x_wconf 75' lang='lat' dir='ltr'><strong>agebatur</strong></span> <span class='ocrx_word' id='word_1_254' title='bbox 2269 1949 2394 2010; x_wconf 73' lang='lat' dir='ltr'><strong>post</strong></span> 
     </span>
     <span class='ocr_line' id='line_1_27' title="bbox 39 1990 2390 2076; baseline 0.011 -40"><span class='ocrx_word' id='word_1_255' title='bbox 39 1996 185 2058; x_wconf 84' lang='lat' dir='ltr'><strong>pacta</strong></span> <span class='ocrx_word' id='word_1_256' title='bbox 214 1990 435 2060; x_wconf 74' lang='lat' dir='ltr'><strong>jugalia</strong></span> <span class='ocrx_word' id='word_1_257' title='bbox 470 1995 680 2050; x_wconf 80' lang='lat' dir='ltr'><strong>mensis.</strong></span> <span class='ocrx_word' id='word_1_258' title='bbox 744 1996 844 2048; x_wconf 87' lang='lat' dir='ltr'><strong>ubi</strong></span> <span class='ocrx_word' id='word_1_259' title='bbox 893 2017 943 2054; x_wconf 78' lang='lat' dir='ltr'><strong>v,</strong></span> <span class='ocrx_word' id='word_1_260' title='bbox 998 1999 1190 2056; x_wconf 86' lang='lat' dir='ltr'><strong>Heins.</strong></span> <span class='ocrx_word' id='word_1_261' title='bbox 1291 2000 1407 2056; x_wconf 84' lang='lat' dir='ltr'><strong>Sed</strong></span> <span class='ocrx_word' id='word_1_262' title='bbox 1442 2000 1587 2055; x_wconf 90' lang='lat' dir='ltr'><strong>illud</strong></span> <span class='ocrx_word' id='word_1_263' title='bbox 1632 2002 1884 2072; x_wconf 77' lang='lat' dir='ltr'><strong>inprimis</strong></span> <span class='ocrx_word' id='word_1_264' title='bbox 1935 2005 2250 2060; x_wconf 80' lang='lat' dir='ltr'><strong>notandum</strong></span> <span class='ocrx_word' id='word_1_265' title='bbox 2286 2019 2390 2076; x_wconf 87' lang='lat' dir='ltr'><strong>est,</strong></span> 
     </span>
     <span class='ocr_line' id='line_1_28' title="bbox 42 2056 2388 2139; baseline 0.009 -31"><span class='ocrx_word' id='word_1_266' title='bbox 42 2056 347 2124; x_wconf 87' lang='lat' dir='ltr'><strong>scriptores</strong></span> <span class='ocrx_word' id='word_1_267' title='bbox 399 2059 625 2115; x_wconf 89' lang='lat' dir='ltr'><strong>Latinos</strong></span> <span class='ocrx_word' id='word_1_268' title='bbox 684 2064 1031 2139; x_wconf 87' lang='lat' dir='ltr'><strong>plerumque</strong></span> <span class='ocrx_word' id='word_1_269' title='bbox 1128 2070 1335 2122; x_wconf 88' lang='lat' dir='ltr'><strong>uellam</strong></span> <span class='ocrx_word' id='word_1_270' title='bbox 1383 2069 1504 2118; x_wconf 30' lang='lat' dir='ltr'><strong>viro*</strong></span> <span class='ocrx_word' id='word_1_271' title='bbox 1535 2078 1754 2138; x_wconf 81' lang='lat' dir='ltr'><strong>pactam</strong></span> <span class='ocrx_word' id='word_1_272' title='bbox 1809 2071 2035 2136; x_wconf 84' lang='lat' dir='ltr'>dicere,</span> <span class='ocrx_word' id='word_1_273' title='bbox 2103 2077 2388 2130; x_wconf 85' lang='lat' dir='ltr'><strong>rarissime</strong></span> 
     </span>
     <span class='ocr_line' id='line_1_29' title="bbox 44 2086 2388 2208; baseline 0.009 -34"><span class='ocrx_word' id='word_1_274' title='bbox 44 2125 199 2174; x_wconf 83' lang='lat' dir='ltr'><strong>virum</strong></span> <span class='ocrx_word' id='word_1_275' title='bbox 236 2127 494 2196; x_wconf 86' lang='lat' dir='ltr'><strong>puellam</strong></span> <span class='ocrx_word' id='word_1_276' title='bbox 525 2139 763 2197; x_wconf 83' lang='lat' dir='ltr'><strong>pactum.</strong></span> <span class='ocrx_word' id='word_1_277' title='bbox 834 2135 953 2189; x_wconf 81' lang='lat' dir='ltr'><strong>Liv.</strong></span> <span class='ocrx_word' id='word_1_278' title='bbox 988 2139 1041 2201; x_wconf 72' lang='grc'><strong>4,</strong></span> <span class='ocrx_word' id='word_1_279' title='bbox 1076 2086 1127 2202; x_wconf 59' lang='grc' dir='ltr'><em>Σ</em></span> <span class='ocrx_word' id='word_1_280' title='bbox 1162 2156 1235 2186; x_wconf 79' lang='lat' dir='ltr'><strong>ex</strong></span> <span class='ocrx_word' id='word_1_281' title='bbox 1308 2155 1379 2186; x_wconf 80' lang='lat' dir='ltr'><strong>aa</strong></span> <span class='ocrx_word' id='word_1_282' title='bbox 1414 2137 1576 2186; x_wconf 84' lang='lat' dir='ltr'><strong>domo</strong></span> <span class='ocrx_word' id='word_1_283' title='bbox 1609 2147 1801 2206; x_wconf 78' lang='lat' dir='ltr'><strong>paclus</strong></span> <span class='ocrx_word' id='word_1_284' title='bbox 1837 2139 1916 2188; x_wconf 75' lang='lat' dir='ltr'><strong>vir</strong></span> <span class='ocrx_word' id='word_1_285' title='bbox 1950 2151 2078 2190; x_wconf 79' lang='lat' dir='ltr'><strong>esset</strong></span> <span class='ocrx_word' id='word_1_286' title='bbox 2092 2143 2388 2208; x_wconf 82' lang='lat' dir='ltr'><strong>feminam,</strong></span> 
     </span>
     <span class='ocr_line' id='line_1_30' title="bbox 42 2157 2386 2282; baseline 0.009 -42"><span class='ocrx_word' id='word_1_287' title='bbox 42 2194 87 2240; x_wconf 84' lang='lat' dir='ltr'><strong>in</strong></span> <span class='ocrx_word' id='word_1_288' title='bbox 120 2193 529 2244; x_wconf 77' lang='lat' dir='ltr'><strong>matrimonium</strong></span> <span class='ocrx_word' id='word_1_289' title='bbox 566 2195 791 2255; x_wconf 68' lang='lat' dir='ltr'><strong>duceret.</strong></span> <span class='ocrx_word' id='word_1_290' title='bbox 859 2203 943 2254; x_wconf 86' lang='lat' dir='ltr'><strong>Id.</strong></span> <span class='ocrx_word' id='word_1_291' title='bbox 981 2207 1069 2270; x_wconf 72' lang='grc'><strong>44,</strong></span> <span class='ocrx_word' id='word_1_292' title='bbox 1120 2206 1204 2260; x_wconf 84' lang='grc'><strong>30.</strong></span> <span class='ocrx_word' id='word_1_293' title='bbox 1272 2157 1678 2258; x_wconf 50' lang='lat' dir='ltr'><strong>{Dar-danorum·</strong></span> <span class='ocrx_word' id='word_1_294' title='bbox 1710 2206 1969 2277; x_wconf 82' lang='lat' dir='ltr'><strong>principis</strong></span> <span class='ocrx_word' id='word_1_295' title='bbox 1997 2207 2188 2277; x_wconf 84' lang='lat' dir='ltr'><strong>filiam</strong></span> <span class='ocrx_word' id='word_1_296' title='bbox 2223 2221 2386 2282; x_wconf 78' lang='lat' dir='ltr'><strong>pacto</strong></span> 
     </span>
     <span class='ocr_line' id='line_1_31' title="bbox 26 2261 1513 2328; baseline 0.017 -19"><span class='ocrx_word' id='word_1_297' title='bbox 26 2261 185 2328; x_wconf 79' lang='lat' dir='ltr'><strong>fratri</strong></span> <span class='ocrx_word' id='word_1_298' title='bbox 220 2279 346 2310; x_wconf 83' lang='lat' dir='ltr'><strong>eum</strong></span> <span class='ocrx_word' id='word_1_299' title='bbox 372 2263 636 2322; x_wconf 76' lang='lat' dir='ltr'><strong>invidisse.</strong></span> <span class='ocrx_word' id='word_1_300' title='bbox 690 2269 791 2322; x_wconf 88' lang='lat' dir='ltr'><strong>ubi</strong></span> <span class='ocrx_word' id='word_1_301' title='bbox 826 2289 878 2324; x_wconf 84' lang='lat' dir='ltr'><strong>v.</strong></span> <span class='ocrx_word' id='word_1_302' title='bbox 914 2274 1132 2328; x_wconf 78' lang='lat' dir='ltr'><strong>Duker.</strong></span> <span class='ocrx_word' id='word_1_303' title='bbox 1505 2284 1513 2293; x_wconf 76' lang='grc'><strong>“</strong></span> 
     </span>
    </p>

    <p class='ocr_par' dir='ltr' id='par_1_11' title="bbox 40 2331 2386 2478">
     <span class='ocr_line' id='line_1_32' title="bbox 94 2331 2386 2415; baseline 0.008 -33"><span class='ocrx_word' id='word_1_304' title='bbox 94 2331 161 2382; x_wconf 88' lang='lat' dir='ltr'><strong>V.</strong></span> <span class='ocrx_word' id='word_1_305' title='bbox 204 2331 319 2399; x_wconf 81' lang='lat'><strong>¹59·</strong></span> <span class='ocrx_word' id='word_1_306' title='bbox 390 2331 685 2404; x_wconf 76' lang='lat' dir='ltr'><strong>Adjurare]</strong></span> <span class='ocrx_word' id='word_1_307' title='bbox 752 2339 854 2392; x_wconf 82' lang='lat' dir='ltr'><strong>Est</strong></span> <span class='ocrx_word' id='word_1_308' title='bbox 890 2339 1280 2395; x_wconf 85' lang='lat' dir='ltr'><strong>vehementius</strong></span> <span class='ocrx_word' id='word_1_309' title='bbox 1316 2353 1375 2397; x_wconf 90' lang='lat' dir='ltr'><strong>et</strong></span> <span class='ocrx_word' id='word_1_310' title='bbox 1407 2342 1630 2412; x_wconf 58' lang='lat' dir='ltr'><strong>gravius</strong></span> <span class='ocrx_word' id='word_1_311' title='bbox 1666 2343 1897 2411; x_wconf 82' lang='lat' dir='ltr'><strong>jurare,</strong></span> <span class='ocrx_word' id='word_1_312' title='bbox 1947 2344 2066 2396; x_wconf 82' lang='lat' dir='ltr'><strong>sive</strong></span> <span class='ocrx_word' id='word_1_313' title='bbox 2105 2343 2386 2415; x_wconf 85' lang='lat' dir='ltr'><strong>dejerare.</strong></span> 
     </span>
     <span class='ocr_line' id='line_1_33' title="bbox 40 2398 2384 2478; baseline 0.01 -31"><span class='ocrx_word' id='word_1_314' title='bbox 40 2398 133 2451; x_wconf 90' lang='lat' dir='ltr'><strong>Vir</strong></span> <span class='ocrx_word' id='word_1_315' title='bbox 171 2434 185 2447; x_wconf 92' lang='lat'><strong>.</strong></span> <span class='ocrx_word' id='word_1_316' title='bbox 209 2399 359 2450; x_wconf 82' lang='lat' dir='ltr'><strong>Aen·</strong></span> <span class='ocrx_word' id='word_1_317' title='bbox 392 2417 475 2464; x_wconf 76' lang='lat'><strong>12,</strong></span> <span class='ocrx_word' id='word_1_318' title='bbox 509 2403 629 2458; x_wconf 85' lang='lat'><strong>816.</strong></span> <span class='ocrx_word' id='word_1_319' title='bbox 650 2403 861 2472; x_wconf 63' lang='lat' dir='ltr'><strong>Adiuro</strong></span> <span class='ocrx_word' id='word_1_320' title='bbox 901 2405 1075 2477; x_wconf 75' lang='lat' dir='ltr'><strong>Stygia·</strong></span> <span class='ocrx_word' id='word_1_321' title='bbox 1106 2418 1265 2476; x_wconf 76' lang='lat' dir='ltr'><strong>caput</strong></span> <span class='ocrx_word' id='word_1_322' title='bbox 1298 2411 1638 2478; x_wconf 82' lang='lat' dir='ltr'><strong>implacabile</strong></span> <span class='ocrx_word' id='word_1_323' title='bbox 1643 2410 1842 2478; x_wconf 82' lang='lat' dir='ltr'><strong>fontis.</strong></span> <span class='ocrx_word' id='word_1_324' title='bbox 1905 2413 2166 2468; x_wconf 81' lang='lat' dir='ltr'><strong>v.Heins.</strong></span> <span class='ocrx_word' id='word_1_325' title='bbox 2187 2415 2257 2468; x_wconf 83' lang='lat' dir='ltr'><strong>ad</strong></span> <span class='ocrx_word' id='word_1_326' title='bbox 2271 2415 2384 2470; x_wconf 85' lang='lat' dir='ltr'><strong>h.l.</strong></span> 
     </span>
    </p>

    <p class='ocr_par' dir='ltr' id='par_1_12' title="bbox 40 2414 2386 2675">
     <span class='ocr_line' id='line_1_34' title="bbox 94 2414 2386 2551; baseline 0.008 -32"><span class='ocrx_word' id='word_1_327' title='bbox 94 2414 168 2519; x_wconf 67' lang='lat' dir='ltr'><strong>Vg.</strong></span> <span class='ocrx_word' id='word_1_328' title='bbox 208 2469 323 2533; x_wconf 79' lang='grc'><strong>164.</strong></span> <span class='ocrx_word' id='word_1_329' title='bbox 397 2467 627 2543; x_wconf 81' lang='lat' dir='ltr'><strong><em>Cubare]</em></strong></span> <span class='ocrx_word' id='word_1_330' title='bbox 701 2471 1048 2547; x_wconf 83' lang='lat' dir='ltr'><strong>Simpliciter</strong></span> <span class='ocrx_word' id='word_1_331' title='bbox 1083 2478 1373 2539; x_wconf 86' lang='lat' dir='ltr'><strong>dicuntur,</strong></span> <span class='ocrx_word' id='word_1_332' title='bbox 1434 2479 1533 2551; x_wconf 87' lang='lat' dir='ltr'><strong>qui</strong></span> <span class='ocrx_word' id='word_1_333' title='bbox 1583 2481 1792 2533; x_wconf 89' lang='lat' dir='ltr'><strong>morbo</strong></span> <span class='ocrx_word' id='word_1_334' title='bbox 1842 2481 2218 2548; x_wconf 81' lang='lat' dir='ltr'><strong>decumbunt,</strong></span> <span class='ocrx_word' id='word_1_335' title='bbox 2267 2485 2386 2539; x_wconf 86' lang='lat' dir='ltr'><strong>sive</strong></span> 
     </span>
     <span class='ocr_line' id='line_1_35' title="bbox 41 2538 2386 2617; baseline 0.008 -31"><span class='ocrx_word' id='word_1_336' title='bbox 41 2546 343 2606; x_wconf 84' lang='lat' dir='ltr'><strong>aegrotant.</strong></span> <span class='ocrx_word' id='word_1_337' title='bbox 413 2538 555 2591; x_wconf 90' lang='lat' dir='ltr'><strong>Hor.</strong></span> <span class='ocrx_word' id='word_1_338' title='bbox 582 2558 625 2592; x_wconf 80' lang='lat'><strong>2.</strong></span> <span class='ocrx_word' id='word_1_339' title='bbox 660 2542 768 2613; x_wconf 88' lang='lat' dir='ltr'><strong>Ep.</strong></span> <span class='ocrx_word' id='word_1_340' title='bbox 808 2560 859 2611; x_wconf 80' lang='lat'><strong>2,</strong></span> <span class='ocrx_word' id='word_1_341' title='bbox 896 2546 981 2601; x_wconf 83' lang='lat'><strong>68.</strong></span> <span class='ocrx_word' id='word_1_342' title='bbox 1017 2546 1176 2599; x_wconf 80' lang='lat' dir='ltr'><em>cubat</em></span> <span class='ocrx_word' id='word_1_343' title='bbox 1205 2546 1291 2597; x_wconf 80' lang='lat' dir='ltr'><strong>hic</strong></span> <span class='ocrx_word' id='word_1_344' title='bbox 1318 2547 1374 2596; x_wconf 89' lang='lat' dir='ltr'><strong>in</strong></span> <span class='ocrx_word' id='word_1_345' title='bbox 1403 2550 1537 2599; x_wconf 81' lang='lat' dir='ltr'><strong>colle</strong></span> <span class='ocrx_word' id='word_1_346' title='bbox 1569 2547 1798 2617; x_wconf 77' lang='lat' dir='ltr'><strong>Quirini.</strong></span> <span class='ocrx_word' id='word_1_347' title='bbox 1834 2570 1885 2604; x_wconf 82' lang='lat' dir='ltr'><strong>v.</strong></span> <span class='ocrx_word' id='word_1_348' title='bbox 1921 2552 1995 2603; x_wconf 89' lang='lat' dir='ltr'><strong>Is.</strong></span> <span class='ocrx_word' id='word_1_349' title='bbox 2031 2550 2277 2608; x_wconf 84' lang='lat' dir='ltr'><strong>Casaub.</strong></span> <span class='ocrx_word' id='word_1_350' title='bbox 2311 2552 2386 2605; x_wconf 80' lang='lat' dir='ltr'><strong>ad</strong></span> 
     </span>
     <span class='ocr_line' id='line_1_36' title="bbox 40 2606 2042 2675; baseline 0.01 -21"><span class='ocrx_word' id='word_1_351' title='bbox 40 2606 141 2657; x_wconf 84' lang='lat' dir='ltr'><strong>Gre</strong></span> <span class='ocrx_word' id='word_1_352' title='bbox 182 2642 193 2653; x_wconf 96' lang='lat'><strong>.</strong></span> <span class='ocrx_word' id='word_1_353' title='bbox 232 2606 395 2659; x_wconf 77' lang='lat' dir='ltr'><strong>N⁷SS.</strong></span> <span class='ocrx_word' id='word_1_354' title='bbox 478 2646 491 2659; x_wconf 93' lang='lat'><strong>.</strong></span> <span class='ocrx_word' id='word_1_355' title='bbox 525 2610 613 2665; x_wconf 84' lang='lat'><strong>85.</strong></span> <span class='ocrx_word' id='word_1_356' title='bbox 1367 2621 1373 2628; x_wconf 89' lang='lat'>&#39;</span> <span class='ocrx_word' id='word_1_357' title='bbox 2037 2669 2042 2675; x_wconf 93' lang='lat'><strong>.</strong></span> 
     </span>
    </p>

    <p class='ocr_par' dir='ltr' id='par_1_13' title="bbox 36 2622 2384 3002">
     <span class='ocr_line' id='line_1_37' title="bbox 90 2622 2384 2757; baseline 0.007 -31"><span class='ocrx_word' id='word_1_358' title='bbox 90 2622 178 2726; x_wconf 48' lang='lat' dir='ltr'><strong>Vig</strong></span> <span class='ocrx_word' id='word_1_359' title='bbox 199 2624 319 2741; x_wconf 50' lang='lat'><strong>172).</strong></span> <span class='ocrx_word' id='word_1_360' title='bbox 393 2625 506 2725; x_wconf 54' lang='lat' dir='ltr'><strong>Sfd</strong></span> <span class='ocrx_word' id='word_1_361' title='bbox 540 2678 685 2747; x_wconf 75' lang='lat' dir='ltr'><strong>qaid,</strong></span> <span class='ocrx_word' id='word_1_362' title='bbox 725 2678 959 2750; x_wconf 76' lang='lat' dir='ltr'><strong>Cydippe</strong></span> <span class='ocrx_word' id='word_1_363' title='bbox 996 2681 1131 2751; x_wconf 86' lang='lat' dir='ltr'><strong>etc.]</strong></span> <span class='ocrx_word' id='word_1_364' title='bbox 1180 2683 1376 2737; x_wconf 86' lang='lat' dir='ltr'><strong>Burm.</strong></span> <span class='ocrx_word' id='word_1_365' title='bbox 1412 2695 1604 2757; x_wconf 86' lang='lat' dir='ltr'><strong>negat,</strong></span> <span class='ocrx_word' id='word_1_366' title='bbox 1645 2702 1706 2738; x_wconf 89' lang='lat' dir='ltr'><strong>se</strong></span> <span class='ocrx_word' id='word_1_367' title='bbox 1743 2686 1880 2739; x_wconf 89' lang='lat' dir='ltr'><strong>haec</strong></span> <span class='ocrx_word' id='word_1_368' title='bbox 1916 2685 2090 2738; x_wconf 81' lang='lat' dir='ltr'><strong>verba</strong></span> <span class='ocrx_word' id='word_1_369' title='bbox 2125 2686 2262 2740; x_wconf 78' lang='lat' dir='ltr'><strong>satis</strong></span> <span class='ocrx_word' id='word_1_370' title='bbox 2297 2706 2384 2741; x_wconf 90' lang='lat' dir='ltr'><strong>ca-</strong></span> 
     </span>
     <span class='ocr_line' id='line_1_38' title="bbox 72 2738 2384 2837; baseline 0.008 -46"><span class='ocrx_word' id='word_1_371' title='bbox 72 2750 181 2793; x_wconf 77' lang='lat' dir='ltr'><strong>ere&#39;.</strong></span> <span class='ocrx_word' id='word_1_372' title='bbox 255 2738 383 2796; x_wconf 70' lang='lat' dir='ltr'><strong>Seff</strong></span> <span class='ocrx_word' id='word_1_373' title='bbox 411 2743 689 2799; x_wconf 83' lang='lat' dir='ltr'><strong>debuerat</strong></span> <span class='ocrx_word' id='word_1_374' title='bbox 724 2751 888 2821; x_wconf 85' lang='lat' dir='ltr'><strong>sequi</strong></span> <span class='ocrx_word' id='word_1_375' title='bbox 916 2750 1225 2805; x_wconf 82' lang='lat' dir='ltr'><strong>editionem</strong></span> <span class='ocrx_word' id='word_1_376' title='bbox 1254 2753 1592 2823; x_wconf 87' lang='lat' dir='ltr'><strong>principem‚</strong></span> <span class='ocrx_word' id='word_1_377' title='bbox 1633 2753 1689 2805; x_wconf 90' lang='lat' dir='ltr'><strong>in</strong></span> <span class='ocrx_word' id='word_1_378' title='bbox 1711 2760 1830 2825; x_wconf 86' lang='lat' dir='ltr'><strong>qua</strong></span> <span class='ocrx_word' id='word_1_379' title='bbox 1846 2754 2177 2825; x_wconf 87' lang='lat' dir='ltr'><strong>planissimo</strong></span> <span class='ocrx_word' id='word_1_380' title='bbox 2211 2769 2384 2837; x_wconf 67' lang='lat' dir='ltr'><strong>sensu</strong></span> 
     </span>
     <span class='ocr_line' id='line_1_39' title="bbox 36 2758 2383 2896; baseline 0.006 -32"><span class='ocrx_word' id='word_1_381' title='bbox 36 2758 263 2879; x_wconf 51' lang='lat' dir='ltr'><strong>iegitur:</strong></span> <span class='ocrx_word' id='word_1_382' title='bbox 302 2810 399 2859; x_wconf 84' lang='lat' dir='ltr'><strong>Ad</strong></span> <span class='ocrx_word' id='word_1_383' title='bbox 430 2821 497 2877; x_wconf 86' lang='lat' dir='ltr'><strong>te,</strong></span> <span class='ocrx_word' id='word_1_384' title='bbox 538 2812 772 2885; x_wconf 76' lang='lat' dir='ltr'><strong>Cydippe</strong></span> <span class='ocrx_word' id='word_1_385' title='bbox 809 2829 916 2872; x_wconf 90' lang='lat' dir='ltr'><strong>etc.</strong></span> <span class='ocrx_word' id='word_1_386' title='bbox 956 2821 1227 2875; x_wconf 83' lang='lat' dir='ltr'><strong>Acontius</strong></span> <span class='ocrx_word' id='word_1_387' title='bbox 1250 2839 1281 2873; x_wconf 91' lang='lat' dir='ltr'><strong>a</strong></span> <span class='ocrx_word' id='word_1_388' title='bbox 1304 2841 1352 2873; x_wconf 87' lang='lat' dir='ltr'><strong>v.</strong></span> <span class='ocrx_word' id='word_1_389' title='bbox 1377 2820 1492 2876; x_wconf 82' lang='lat'><strong>133.</strong></span> <span class='ocrx_word' id='word_1_390' title='bbox 1531 2839 1637 2892; x_wconf 88' lang='lat' dir='ltr'><strong>per</strong></span> <span class='ocrx_word' id='word_1_391' title='bbox 1675 2840 1977 2896; x_wconf 79' lang='lat' dir='ltr'><strong>excursum</strong></span> <span class='ocrx_word' id='word_1_392' title='bbox 1998 2823 2383 2893; x_wconf 76' lang='lat' dir='ltr'><strong>expostulavit</strong></span> 
     </span>
     <span class='ocr_line' id='line_1_40' title="bbox 39 2878 2382 2996; baseline 0.007 -68"><span class='ocrx_word' id='word_1_393' title='bbox 39 2895 149 2996; x_wconf 53' lang='lat'><strong>{⁰¹5¹</strong></span> <span class='ocrx_word' id='word_1_394' title='bbox 186 2878 360 2932; x_wconf 81' lang='lat' dir='ltr'><strong>rivali</strong></span> <span class='ocrx_word' id='word_1_395' title='bbox 396 2896 521 2935; x_wconf 87' lang='lat' dir='ltr'><strong>suo.</strong></span> <span class='ocrx_word' id='word_1_396' title='bbox 594 2883 703 2938; x_wconf 86' lang='lat' dir='ltr'><strong>Sed</strong></span> <span class='ocrx_word' id='word_1_397' title='bbox 742 2903 895 2939; x_wconf 84' lang='lat' dir='ltr'><strong>nunc</strong></span> <span class='ocrx_word' id='word_1_398' title='bbox 932 2889 1053 2956; x_wconf 86' lang='lat' dir='ltr'><strong>ejus</strong></span> <span class='ocrx_word' id='word_1_399' title='bbox 1106 2890 1353 2961; x_wconf 84' lang='lat' dir='ltr'><strong>epistola</strong></span> <span class='ocrx_word' id='word_1_400' title='bbox 1388 2890 1702 2945; x_wconf 82' lang='lat' dir='ltr'><strong>revertitur</strong></span> <span class='ocrx_word' id='word_1_401' title='bbox 1747 2890 1821 2947; x_wconf 79' lang='lat' dir='ltr'><strong>ad</strong></span> <span class='ocrx_word' id='word_1_402' title='bbox 1857 2890 2192 2964; x_wconf 82' lang='lat' dir='ltr'><strong>Cydippen,</strong></span> <span class='ocrx_word' id='word_1_403' title='bbox 2229 2891 2382 2946; x_wconf 85' lang='lat' dir='ltr'><strong>uude</strong></span> 
     </span>
     <span class='ocr_line' id='line_1_41' title="bbox 70 2961 358 3002; baseline 0.014 -5"><span class='ocrx_word' id='word_1_404' title='bbox 70 2963 97 2997; x_wconf 89' lang='lat' dir='ltr'><strong>e</strong></span> <span class='ocrx_word' id='word_1_405' title='bbox 140 2961 358 3002; x_wconf 81' lang='lat' dir='ltr'><strong>exerat.</strong></span> 
     </span>
    </p>

    <p class='ocr_par' dir='ltr' id='par_1_14' title="bbox 39 3014 2384 3159">
     <span class='ocr_line' id='line_1_42' title="bbox 90 3014 2384 3099; baseline 0.007 -32"><span class='ocrx_word' id='word_1_406' title='bbox 90 3014 165 3067; x_wconf 92' lang='lat' dir='ltr'><strong>V.</strong></span> <span class='ocrx_word' id='word_1_407' title='bbox 210 3034 327 3085; x_wconf 77' lang='lat'><strong>177.</strong></span> <span class='ocrx_word' id='word_1_408' title='bbox 397 3016 699 3089; x_wconf 83' lang='lat' dir='ltr'><strong>Repuleris]</strong></span> <span class='ocrx_word' id='word_1_409' title='bbox 766 3023 802 3078; x_wconf 90' lang='lat' dir='ltr'><strong>i.</strong></span> <span class='ocrx_word' id='word_1_410' title='bbox 842 3042 891 3077; x_wconf 85' lang='lat' dir='ltr'><strong>e.</strong></span> <span class='ocrx_word' id='word_1_411' title='bbox 926 3025 1221 3097; x_wconf 80' lang='lat' dir='ltr'><strong>repulsam</strong></span> <span class='ocrx_word' id='word_1_412' title='bbox 1255 3024 1410 3080; x_wconf 84' lang='lat' dir='ltr'><strong>ferre</strong></span> <span class='ocrx_word' id='word_1_413' title='bbox 1443 3026 1694 3094; x_wconf 70' lang='lat' dir='ltr'><strong>jusseris.</strong></span> <span class='ocrx_word' id='word_1_414' title='bbox 1765 3026 2002 3099; x_wconf 82' lang='lat' dir='ltr'><strong>Signata</strong></span> <span class='ocrx_word' id='word_1_415' title='bbox 2052 3027 2228 3083; x_wconf 85' lang='lat' dir='ltr'><strong>verba</strong></span> <span class='ocrx_word' id='word_1_416' title='bbox 2281 3029 2384 3083; x_wconf 86' lang='lat' dir='ltr'><strong>hac</strong></span> 
     </span>
     <span class='ocr_line' id='line_1_43' title="bbox 39 3082 1734 3159; baseline 0.014 -28"><span class='ocrx_word' id='word_1_417' title='bbox 39 3082 83 3132; x_wconf 90' lang='lat' dir='ltr'><strong>in</strong></span> <span class='ocrx_word' id='word_1_418' title='bbox 115 3098 181 3135; x_wconf 86' lang='lat' dir='ltr'><strong>re</strong></span> <span class='ocrx_word' id='word_1_419' title='bbox 222 3086 468 3154; x_wconf 84' lang='lat' dir='ltr'><strong>repellere</strong></span> <span class='ocrx_word' id='word_1_420' title='bbox 506 3099 562 3141; x_wconf 87' lang='lat' dir='ltr'><strong>et</strong></span> <span class='ocrx_word' id='word_1_421' title='bbox 598 3092 825 3158; x_wconf 83' lang='lat' dir='ltr'><strong>repulsa.</strong></span> <span class='ocrx_word' id='word_1_422' title='bbox 1204 3096 1209 3102; x_wconf 76' lang='grc'><strong>”</strong></span> <span class='ocrx_word' id='word_1_423' title='bbox 1518 3148 1525 3159; x_wconf 91' lang='grc'><em>,</em></span> <span class='ocrx_word' id='word_1_424' title='bbox 1720 3110 1734 3143; x_wconf 77' lang='grc'><strong>·’</strong></span> 
     </span>
    </p>

    <p class='ocr_par' dir='ltr' id='par_1_15' title="bbox 39 3147 2382 3315">
     <span class='ocr_line' id='line_1_44' title="bbox 89 3147 2382 3229; baseline 0.007 -26"><span class='ocrx_word' id='word_1_425' title='bbox 89 3150 160 3206; x_wconf 93' lang='lat' dir='ltr'><strong>V.</strong></span> <span class='ocrx_word' id='word_1_426' title='bbox 208 3152 348 3221; x_wconf 51' lang='lat'><strong>181„</strong></span> <span class='ocrx_word' id='word_1_427' title='bbox 392 3152 469 3205; x_wconf 83' lang='lat' dir='ltr'><strong>Et</strong></span> <span class='ocrx_word' id='word_1_428' title='bbox 501 3147 628 3207; x_wconf 78' lang='lat' dir='ltr'><strong>‘sine</strong></span> <span class='ocrx_word' id='word_1_429' title='bbox 679 3159 825 3229; x_wconf 76' lang='lat' dir='ltr'><strong>teste]</strong></span> <span class='ocrx_word' id='word_1_430' title='bbox 893 3162 1131 3217; x_wconf 80' lang='lat' dir='ltr'><strong>Frustra</strong></span> <span class='ocrx_word' id='word_1_431' title='bbox 1164 3162 1437 3217; x_wconf 81' lang='lat' dir='ltr'><strong>Francius</strong></span> <span class='ocrx_word' id='word_1_432' title='bbox 1476 3162 1728 3229; x_wconf 86' lang='lat' dir='ltr'><strong>conjicit,</strong></span> <span class='ocrx_word' id='word_1_433' title='bbox 1769 3164 1852 3214; x_wconf 79' lang='lat' dir='ltr'><strong>vel</strong></span> <span class='ocrx_word' id='word_1_434' title='bbox 1881 3162 1993 3213; x_wconf 83' lang='lat' dir='ltr'><strong>sine</strong></span> <span class='ocrx_word' id='word_1_435' title='bbox 2029 3170 2169 3214; x_wconf 78' lang='lat' dir='ltr'><strong>teste·</strong></span> <span class='ocrx_word' id='word_1_436' title='bbox 2237 3166 2382 3218; x_wconf 83' lang='lat' dir='ltr'><strong>Nam</strong></span> 
     </span>
     <span class='ocr_line' id='line_1_45' title="bbox 39 3221 2360 3315; baseline 0.007 -44"><span class='ocrx_word' id='word_1_437' title='bbox 39 3225 74 3267; x_wconf 75' lang='lat' dir='ltr'><strong>et</strong></span> <span class='ocrx_word' id='word_1_438' title='bbox 105 3221 347 3287; x_wconf 74' lang='lat' dir='ltr'><strong>ponitur</strong></span> <span class='ocrx_word' id='word_1_439' title='bbox 380 3240 488 3294; x_wconf 88' lang='lat' dir='ltr'><strong>pro</strong></span> <span class='ocrx_word' id='word_1_440' title='bbox 526 3227 716 3288; x_wconf 83' lang='lat' dir='ltr'><strong>etiam,</strong></span> <span class='ocrx_word' id='word_1_441' title='bbox 756 3240 821 3283; x_wconf 89' lang='lat' dir='ltr'><strong>ut</strong></span> <span class='ocrx_word' id='word_1_442' title='bbox 854 3231 1080 3287; x_wconf 79' lang='lat' dir='ltr'><strong>millieS.</strong></span> <span class='ocrx_word' id='word_1_443' title='bbox 1146 3251 1200 3285; x_wconf 84' lang='lat' dir='ltr'><strong>v.</strong></span> <span class='ocrx_word' id='word_1_444' title='bbox 1253 3231 1546 3285; x_wconf 79' lang='lat' dir='ltr'><strong>Drakenb·</strong></span> <span class='ocrx_word' id='word_1_445' title='bbox 1583 3231 1654 3283; x_wconf 87' lang='lat' dir='ltr'><strong>ad</strong></span> <span class='ocrx_word' id='word_1_446' title='bbox 1691 3232 1808 3284; x_wconf 82' lang='lat' dir='ltr'><strong>Liv.</strong></span> <span class='ocrx_word' id='word_1_447' title='bbox 1843 3234 1932 3299; x_wconf 76' lang='grc'><strong>43,</strong></span> <span class='ocrx_word' id='word_1_448' title='bbox 1977 3234 2060 3314; x_wconf 63' lang='grc' dir='ltr'><strong>ιζμ</strong></span> <span class='ocrx_word' id='word_1_449' title='bbox 2091 3300 2104 3313; x_wconf 41' lang='grc' dir='ltr'><strong><em>ο</em></strong></span> <span class='ocrx_word' id='word_1_450' title='bbox 2143 3301 2156 3314; x_wconf 41' lang='grc' dir='ltr'><strong><em>ο</em></strong></span> <span class='ocrx_word' id='word_1_451' title='bbox 2345 3301 2360 3315; x_wconf 48' lang='grc'><strong>.</strong></span> 
     </span>
    </p>

    <p class='ocr_par' dir='ltr' id='par_1_16' title="bbox 39 3289 2380 3449">
     <span class='ocr_line' id='line_1_46' title="bbox 89 3289 2380 3371; baseline 0.006 -30"><span class='ocrx_word' id='word_1_452' title='bbox 89 3289 161 3343; x_wconf 83' lang='lat' dir='ltr'><strong>V.</strong></span> <span class='ocrx_word' id='word_1_453' title='bbox 224 3290 339 3354; x_wconf 87' lang='lat'><strong>187.</strong></span> <span class='ocrx_word' id='word_1_454' title='bbox 426 3291 746 3361; x_wconf 80' lang='lat' dir='ltr'><strong>Ignorantia</strong></span> <span class='ocrx_word' id='word_1_455' title='bbox 813 3296 1023 3367; x_wconf 82' lang='lat' dir='ltr'><strong>culpae]</strong></span> <span class='ocrx_word' id='word_1_456' title='bbox 1119 3299 1305 3363; x_wconf 82' lang='lat' dir='ltr'><strong>Dicit,</strong></span> <span class='ocrx_word' id='word_1_457' title='bbox 1372 3298 1535 3371; x_wconf 79' lang='lat' dir='ltr'><strong>quod</strong></span> <span class='ocrx_word' id='word_1_458' title='bbox 1589 3299 1770 3357; x_wconf 82' lang='lat' dir='ltr'><strong>oblita</strong></span> <span class='ocrx_word' id='word_1_459' title='bbox 1821 3311 1946 3353; x_wconf 87' lang='lat' dir='ltr'><strong>erat</strong></span> <span class='ocrx_word' id='word_1_460' title='bbox 1995 3300 2380 3369; x_wconf 73' lang='lat' dir='ltr'><strong>jurisjurandi,</strong></span> 
     </span>
     <span class='ocr_line' id='line_1_47' title="bbox 39 3356 2267 3449; baseline 0.008 -41"><span class='ocrx_word' id='word_1_461' title='bbox 39 3356 185 3427; x_wconf 84' lang='lat' dir='ltr'><strong>quod</strong></span> <span class='ocrx_word' id='word_1_462' title='bbox 223 3357 467 3423; x_wconf 81' lang='lat' dir='ltr'><strong>Acontio</strong></span> <span class='ocrx_word' id='word_1_463' title='bbox 508 3370 563 3412; x_wconf 88' lang='lat' dir='ltr'><strong>et</strong></span> <span class='ocrx_word' id='word_1_464' title='bbox 588 3362 804 3417; x_wconf 85' lang='lat' dir='ltr'><strong>Dianae</strong></span> <span class='ocrx_word' id='word_1_465' title='bbox 840 3363 1079 3419; x_wconf 88' lang='lat' dir='ltr'><strong>dederat</strong></span> <span class='ocrx_word' id='word_1_466' title='bbox 1112 3366 1367 3448; x_wconf 70' lang='lat' dir='ltr'><strong>legendis</strong></span> <span class='ocrx_word' id='word_1_467' title='bbox 1401 3366 1594 3419; x_wconf 84' lang='lat' dir='ltr'><strong>verbis</strong></span> <span class='ocrx_word' id='word_1_468' title='bbox 1633 3385 1808 3437; x_wconf 88' lang='lat' dir='ltr'><strong>pomo</strong></span> <span class='ocrx_word' id='word_1_469' title='bbox 1840 3368 2145 3439; x_wconf 82' lang='lat' dir='ltr'><strong>inscriptis.</strong></span> <span class='ocrx_word' id='word_1_470' title='bbox 2257 3437 2267 3449; x_wconf 43' lang='lat'>⁸</span> 
     </span>
    </p>

    <p class='ocr_par' dir='ltr' id='par_1_17' title="bbox 37 3426 2380 3723">
     <span class='ocr_line' id='line_1_48' title="bbox 84 3426 2380 3509; baseline 0.007 -32"><span class='ocrx_word' id='word_1_471' title='bbox 84 3426 161 3479; x_wconf 84' lang='lat' dir='ltr'><strong>V.</strong></span> <span class='ocrx_word' id='word_1_472' title='bbox 208 3426 322 3495; x_wconf 84' lang='lat'><strong>189.</strong></span> <span class='ocrx_word' id='word_1_473' title='bbox 374 3426 644 3494; x_wconf 83' lang='lat' dir='ltr'><strong>Cassibas]</strong></span> <span class='ocrx_word' id='word_1_474' title='bbox 713 3432 957 3485; x_wconf 85' lang='lat' dir='ltr'><strong>Pessime</strong></span> <span class='ocrx_word' id='word_1_475' title='bbox 994 3434 1067 3487; x_wconf 86' lang='lat' dir='ltr'><strong>ab</strong></span> <span class='ocrx_word' id='word_1_476' title='bbox 1102 3437 1296 3489; x_wconf 76' lang='lat' dir='ltr'><strong>Heins.</strong></span> <span class='ocrx_word' id='word_1_477' title='bbox 1336 3446 1392 3489; x_wconf 88' lang='lat' dir='ltr'><strong>et</strong></span> <span class='ocrx_word' id='word_1_478' title='bbox 1427 3436 1758 3489; x_wconf 87' lang='lat' dir='ltr'><strong>Burmanno</strong></span> <span class='ocrx_word' id='word_1_479' title='bbox 1795 3447 2094 3509; x_wconf 81' lang='lat' dir='ltr'><strong>receptum</strong></span> <span class='ocrx_word' id='word_1_480' title='bbox 2130 3437 2380 3493; x_wconf 66' lang='lat' dir='ltr'><strong>cassibus.</strong></span> 
     </span>
     <span class='ocr_line' id='line_1_49' title="bbox 37 3494 2380 3586; baseline 0.007 -44"><span class='ocrx_word' id='word_1_481' title='bbox 37 3494 160 3547; x_wconf 80' lang='lat' dir='ltr'><strong>Nam</strong></span> <span class='ocrx_word' id='word_1_482' title='bbox 201 3505 445 3547; x_wconf 82' lang='lat' dir='ltr'><strong>venator</strong></span> <span class='ocrx_word' id='word_1_483' title='bbox 482 3513 650 3547; x_wconf 79' lang='lat' dir='ltr'><strong>casses</strong></span> <span class='ocrx_word' id='word_1_484' title='bbox 677 3500 830 3565; x_wconf 82' lang='lat' dir='ltr'><strong>serre</strong></span> <span class='ocrx_word' id='word_1_485' title='bbox 868 3499 1108 3568; x_wconf 86' lang='lat' dir='ltr'><strong>dicitur,</strong></span> <span class='ocrx_word' id='word_1_486' title='bbox 1146 3522 1267 3565; x_wconf 80' lang='lat' dir='ltr'><strong>non</strong></span> <span class='ocrx_word' id='word_1_487' title='bbox 1301 3504 1397 3576; x_wconf 88' lang='lat' dir='ltr'><strong>qui</strong></span> <span class='ocrx_word' id='word_1_488' title='bbox 1433 3503 1629 3557; x_wconf 85' lang='lat' dir='ltr'><strong>incidit</strong></span> <span class='ocrx_word' id='word_1_489' title='bbox 1663 3505 1724 3557; x_wconf 87' lang='lat' dir='ltr'><strong>in</strong></span> <span class='ocrx_word' id='word_1_490' title='bbox 1767 3522 1974 3559; x_wconf 81' lang='lat' dir='ltr'><strong>casses,</strong></span> <span class='ocrx_word' id='word_1_491' title='bbox 2041 3504 2380 3586; x_wconf 70' lang='lat' dir='ltr'><strong>Revoeanda</strong></span> 
     </span>
     <span class='ocr_line' id='line_1_50' title="bbox 41 3560 2376 3637; baseline 0.011 -26"><span class='ocrx_word' id='word_1_492' title='bbox 41 3561 199 3631; x_wconf 84' lang='lat' dir='ltr'><strong>igitur</strong></span> <span class='ocrx_word' id='word_1_493' title='bbox 250 3560 414 3614; x_wconf 89' lang='lat' dir='ltr'><strong>MSS.</strong></span> <span class='ocrx_word' id='word_1_494' title='bbox 472 3574 529 3617; x_wconf 90' lang='lat' dir='ltr'><strong>et</strong></span> <span class='ocrx_word' id='word_1_495' title='bbox 580 3564 894 3621; x_wconf 87' lang='lat' dir='ltr'><strong>editionum</strong></span> <span class='ocrx_word' id='word_1_496' title='bbox 928 3583 1203 3636; x_wconf 71' lang='lat' dir='ltr'><strong>,veterum</strong></span> <span class='ocrx_word' id='word_1_497' title='bbox 1240 3572 1413 3625; x_wconf 88' lang='lat' dir='ltr'><strong>lectio</strong></span> <span class='ocrx_word' id='word_1_498' title='bbox 1466 3572 1689 3622; x_wconf 82' lang='lat' dir='ltr'><strong>casibus.</strong></span> <span class='ocrx_word' id='word_1_499' title='bbox 1799 3572 1972 3625; x_wconf 79' lang='lat' dir='ltr'><strong>Casus*</strong></span> <span class='ocrx_word' id='word_1_500' title='bbox 2003 3583 2134 3627; x_wconf 85' lang='lat' dir='ltr'><strong>sunt</strong></span> <span class='ocrx_word' id='word_1_501' title='bbox 2165 3572 2376 3637; x_wconf 71' lang='lat' dir='ltr'><strong>morbi,</strong></span> 
     </span>
     <span class='ocr_line' id='line_1_51' title="bbox 42 3628 2056 3723; baseline 0.008 -44"><span class='ocrx_word' id='word_1_502' title='bbox 42 3628 239 3701; x_wconf 86' lang='lat' dir='ltr'><strong>quibus</strong></span> <span class='ocrx_word' id='word_1_503' title='bbox 279 3628 418 3699; x_wconf 88' lang='lat' dir='ltr'><strong>Cydi</strong></span> <span class='ocrx_word' id='word_1_504' title='bbox 470 3650 555 3701; x_wconf 82' lang='lat' dir='ltr'><strong>pe,</strong></span> <span class='ocrx_word' id='word_1_505' title='bbox 635 3636 825 3689; x_wconf 81' lang='lat' dir='ltr'><strong>uoties</strong></span> <span class='ocrx_word' id='word_1_506' title='bbox 860 3637 1093 3692; x_wconf 82' lang='lat' dir='ltr'><strong>rivalem</strong></span> <span class='ocrx_word' id='word_1_507' title='bbox 1127 3638 1532 3723; x_wconf 78' lang='lat' dir='ltr'><strong>praeferebat,</strong></span> <span class='ocrx_word' id='word_1_508' title='bbox 1570 3642 1922 3695; x_wconf 83' lang='lat' dir='ltr'><strong>tentabatur.</strong></span> <span class='ocrx_word' id='word_1_509' title='bbox 2046 3709 2056 3720; x_wconf 45' lang='grc'><em>.</em></span> 
     </span>
    </p>

    <p class='ocr_par' dir='ltr' id='par_1_18' title="bbox 41 3696 2380 3925">
     <span class='ocr_line' id='line_1_52' title="bbox 91 3696 2379 3781; baseline 0.002 -23"><span class='ocrx_word' id='word_1_510' title='bbox 91 3696 164 3749; x_wconf 84' lang='lat' dir='ltr'><strong>V·</strong></span> <span class='ocrx_word' id='word_1_511' title='bbox 200 3714 318 3767; x_wconf 83' lang='lat'><strong>¹9¹·</strong></span> <span class='ocrx_word' id='word_1_512' title='bbox 452 3700 597 3751; x_wconf 80' lang='lat' dir='ltr'><strong>itatis</strong></span> <span class='ocrx_word' id='word_1_513' title='bbox 690 3703 725 3757; x_wconf 91' lang='lat' dir='ltr'><strong>i.</strong></span> <span class='ocrx_word' id='word_1_514' title='bbox 757 3722 807 3765; x_wconf 86' lang='lat' dir='ltr'><strong>e.</strong></span> <span class='ocrx_word' id='word_1_515' title='bbox 844 3718 909 3761; x_wconf 84' lang='lat' dir='ltr'><strong>ut</strong></span> <span class='ocrx_word' id='word_1_516' title='bbox 946 3708 1191 3773; x_wconf 76' lang='lat' dir='ltr'><strong>evitans,</strong></span> <span class='ocrx_word' id='word_1_517' title='bbox 1231 3708 1514 3780; x_wconf 86' lang='lat' dir='ltr'><strong>effugeris.</strong></span> <span class='ocrx_word' id='word_1_518' title='bbox 1551 3710 1693 3762; x_wconf 88' lang='lat' dir='ltr'><strong>Nam</strong></span> <span class='ocrx_word' id='word_1_519' title='bbox 1728 3710 1970 3781; x_wconf 87' lang='lat' dir='ltr'><strong>simplex</strong></span> <span class='ocrx_word' id='word_1_520' title='bbox 2005 3717 2169 3759; x_wconf 70' lang='lat' dir='ltr'><strong>occare</strong></span> <span class='ocrx_word' id='word_1_521' title='bbox 2205 3726 2379 3781; x_wconf 84' lang='lat' dir='ltr'><strong>saepe</strong></span> 
     </span>
     <span class='ocr_line' id='line_1_53' title="bbox 42 3767 2380 3850; baseline 0.005 -34"><span class='ocrx_word' id='word_1_522' title='bbox 42 3782 132 3838; x_wconf 86' lang='lat' dir='ltr'><strong>pro</strong></span> <span class='ocrx_word' id='word_1_523' title='bbox 189 3767 511 3839; x_wconf 85' lang='lat' dir='ltr'><strong>composito</strong></span> <span class='ocrx_word' id='word_1_524' title='bbox 565 3771 756 3822; x_wconf 75' lang='lat' dir='ltr'><strong>evitare</strong></span> <span class='ocrx_word' id='word_1_525' title='bbox 808 3773 1049 3841; x_wconf 83' lang='lat' dir='ltr'><strong>dicitur,</strong></span> <span class='ocrx_word' id='word_1_526' title='bbox 1122 3788 1189 3831; x_wconf 87' lang='lat' dir='ltr'><strong>ut</strong></span> <span class='ocrx_word' id='word_1_527' title='bbox 1220 3776 1417 3846; x_wconf 74' lang='lat' dir='ltr'><strong>sugere</strong></span> <span class='ocrx_word' id='word_1_528' title='bbox 1467 3776 1621 3849; x_wconf 90' lang='lat' dir='ltr'><strong>apud</strong></span> <span class='ocrx_word' id='word_1_529' title='bbox 1667 3787 1874 3849; x_wconf 80' lang='lat' dir='ltr'><strong>poetas</strong></span> <span class='ocrx_word' id='word_1_530' title='bbox 1935 3794 2045 3849; x_wconf 90' lang='lat' dir='ltr'><strong>pro</strong></span> <span class='ocrx_word' id='word_1_531' title='bbox 2109 3776 2380 3850; x_wconf 68' lang='lat' dir='ltr'><strong>effugere).</strong></span> 
     </span>
     <span class='ocr_line' id='line_1_54' title="bbox 41 3834 2314 3925; baseline 0.01 -42"><span class='ocrx_word' id='word_1_532' title='bbox 41 3834 207 3887; x_wconf 84' lang='lat' dir='ltr'><strong>Multa</strong></span> <span class='ocrx_word' id='word_1_533' title='bbox 232 3836 504 3907; x_wconf 17' lang='lat' dir='ltr'><strong>‘exempla</strong></span> <span class='ocrx_word' id='word_1_534' title='bbox 542 3842 825 3913; x_wconf 80' lang='lat' dir='ltr'><strong>congessit</strong></span> <span class='ocrx_word' id='word_1_535' title='bbox 859 3844 1051 3897; x_wconf 85' lang='lat' dir='ltr'><strong>Burm.</strong></span> <span class='ocrx_word' id='word_1_536' title='bbox 1090 3845 1164 3899; x_wconf 87' lang='lat' dir='ltr'><strong>ad</strong></span> <span class='ocrx_word' id='word_1_537' title='bbox 1198 3842 1435 3897; x_wconf 84' lang='lat' dir='ltr'><strong>Phaedr-</strong></span> <span class='ocrx_word' id='word_1_538' title='bbox 1477 3864 1524 3910; x_wconf 85' lang='lat'><strong>1,</strong></span> <span class='ocrx_word' id='word_1_539' title='bbox 1561 3846 1649 3906; x_wconf 76' lang='lat'><strong>31,</strong></span> <span class='ocrx_word' id='word_1_540' title='bbox 1681 3848 1732 3902; x_wconf 84' lang='lat'><strong>3.</strong></span> <span class='ocrx_word' id='word_1_541' title='bbox 2301 3912 2314 3925; x_wconf 54' lang='lat'><strong>·</strong></span> 
     </span>
    </p>

    <p class='ocr_par' dir='ltr' id='par_1_19' title="bbox 43 3901 2383 4121">
     <span class='ocr_line' id='line_1_55' title="bbox 94 3901 2380 3993; baseline 0.004 -37"><span class='ocrx_word' id='word_1_542' title='bbox 94 3904 164 3956; x_wconf 91' lang='lat' dir='ltr'><strong>V.</strong></span> <span class='ocrx_word' id='word_1_543' title='bbox 208 3920 319 3972; x_wconf 80' lang='lat'><strong>192.</strong></span> <span class='ocrx_word' id='word_1_544' title='bbox 390 3901 623 3971; x_wconf 64' lang='lat' dir='ltr'><strong>‚Adferat</strong></span> <span class='ocrx_word' id='word_1_545' title='bbox 655 3913 871 3976; x_wconf 83' lang='lat' dir='ltr'><strong>manus]</strong></span> <span class='ocrx_word' id='word_1_546' title='bbox 974 3912 1137 3969; x_wconf 85' lang='lat' dir='ltr'><strong>MSS.</strong></span> <span class='ocrx_word' id='word_1_547' title='bbox 1184 3913 1459 3977; x_wconf 76' lang='lat' dir='ltr'><strong>meliores¹</strong></span> <span class='ocrx_word' id='word_1_548' title='bbox 1490 3915 1676 3979; x_wconf 75' lang='lat' dir='ltr'><strong>offerat</strong></span> <span class='ocrx_word' id='word_1_549' title='bbox 1709 3932 1931 3978; x_wconf 80' lang='lat' dir='ltr'><strong>manus,</strong></span> <span class='ocrx_word' id='word_1_550' title='bbox 1985 3910 2144 3984; x_wconf 85' lang='lat' dir='ltr'><strong>quod</strong></span> <span class='ocrx_word' id='word_1_551' title='bbox 2177 3924 2380 3993; x_wconf 44' lang='lat' dir='ltr'><strong>mer-lto</strong></span> 
     </span>
     <span class='ocr_line' id='line_1_56' title="bbox 43 3970 2383 4064; baseline 0.004 -42"><span class='ocrx_word' id='word_1_552' title='bbox 43 3970 283 4039; x_wconf 79' lang='lat' dir='ltr'><strong>praefert</strong></span> <span class='ocrx_word' id='word_1_553' title='bbox 316 3972 599 4037; x_wconf 85' lang='lat' dir='ltr'><strong>Heinsius.</strong></span> <span class='ocrx_word' id='word_1_554' title='bbox 634 3996 686 4031; x_wconf 80' lang='lat' dir='ltr'><strong>v.</strong></span> <span class='ocrx_word' id='word_1_555' title='bbox 722 3978 914 4033; x_wconf 85' lang='lat' dir='ltr'><strong>Burm.</strong></span> <span class='ocrx_word' id='word_1_556' title='bbox 950 3980 1023 4033; x_wconf 89' lang='lat' dir='ltr'><strong>ad</strong></span> <span class='ocrx_word' id='word_1_557' title='bbox 1055 3982 1267 4035; x_wconf 84' lang='lat' dir='ltr'><strong>Lucan.</strong></span> <span class='ocrx_word' id='word_1_558' title='bbox 1306 4000 1357 4053; x_wconf 86' lang='lat'><strong>9,</strong></span> <span class='ocrx_word' id='word_1_559' title='bbox 1393 3982 1480 4047; x_wconf 73' lang='lat'><strong>64.</strong></span> <span class='ocrx_word' id='word_1_560' title='bbox 1542 3982 1614 4032; x_wconf 75' lang='lat' dir='ltr'><strong>Ut</strong></span> <span class='ocrx_word' id='word_1_561' title='bbox 1648 3982 1744 4032; x_wconf 82' lang='lat' dir='ltr'><strong>tibi</strong></span> <span class='ocrx_word' id='word_1_562' title='bbox 1777 3982 2028 4053; x_wconf 79' lang='lat' dir='ltr'><strong>luciferas</strong></span> <span class='ocrx_word' id='word_1_563' title='bbox 2063 3981 2250 4063; x_wconf 69' lang='lat' dir='ltr'><strong>⁰ff⁶¹.&#39;‘¹²</strong></span> <span class='ocrx_word' id='word_1_564' title='bbox 2281 3983 2383 4064; x_wconf 64' lang='lat'><strong>1119</strong></span> 
     </span>
     <span class='ocr_line' id='line_1_57' title="bbox 45 4040 2382 4121; baseline 0.007 -37"><span class='ocrx_word' id='word_1_565' title='bbox 45 4056 233 4091; x_wconf 85' lang='lat' dir='ltr'><strong>manus.</strong></span> <span class='ocrx_word' id='word_1_566' title='bbox 303 4040 543 4096; x_wconf 87' lang='lat' dir='ltr'><strong>Poetica</strong></span> <span class='ocrx_word' id='word_1_567' title='bbox 578 4047 832 4109; x_wconf 82' lang='lat' dir='ltr'><strong>ratione,</strong></span> <span class='ocrx_word' id='word_1_568' title='bbox 880 4066 1049 4120; x_wconf 84' lang='lat' dir='ltr'><strong>quam</strong></span> <span class='ocrx_word' id='word_1_569' title='bbox 1084 4068 1255 4119; x_wconf 89' lang='lat' dir='ltr'><strong>saepe</strong></span> <span class='ocrx_word' id='word_1_570' title='bbox 1290 4048 1552 4115; x_wconf 83' lang='lat' dir='ltr'><strong>vidimus,</strong></span> <span class='ocrx_word' id='word_1_571' title='bbox 1591 4051 1802 4105; x_wconf 87' lang='lat' dir='ltr'><strong>dicitur</strong></span> <span class='ocrx_word' id='word_1_572' title='bbox 1833 4068 1946 4121; x_wconf 90' lang='lat' dir='ltr'><strong>pro</strong></span> <span class='ocrx_word' id='word_1_573' title='bbox 1982 4060 2048 4102; x_wconf 89' lang='lat' dir='ltr'><strong>ut</strong></span> <span class='ocrx_word' id='word_1_574' title='bbox 2084 4048 2187 4101; x_wconf 74' lang='lat' dir='ltr'><strong>tibi</strong></span> <span class='ocrx_word' id='word_1_575' title='bbox 2221 4049 2382 4102; x_wconf 75' lang='lat' dir='ltr'><strong>Luci-</strong></span> 
     </span>
    </p>
   </div>
   <div class='ocr_carea' id='block_1_7' title="bbox 46 4106 2458 4175">
    <p class='ocr_par' dir='ltr' id='par_1_20' title="bbox 46 4106 2458 4175">
     <span class='ocr_line' id='line_1_58' title="bbox 46 4106 2458 4175; baseline 0.005 -19"><span class='ocrx_word' id='word_1_576' title='bbox 46 4106 147 4157; x_wconf 81' lang='lat' dir='ltr'><strong>fera</strong></span> <span class='ocrx_word' id='word_1_577' title='bbox 184 4106 393 4163; x_wconf 86' lang='lat' dir='ltr'><strong>offerat</strong></span> <span class='ocrx_word' id='word_1_578' title='bbox 426 4127 645 4167; x_wconf 84' lang='lat' dir='ltr'><strong>manus.</strong></span> <span class='ocrx_word' id='word_1_579' title='bbox 678 4166 681 4168; x_wconf 11' lang='grc' dir='ltr'><strong>Α</strong></span> <span class='ocrx_word' id='word_1_580' title='bbox 717 4118 802 4168; x_wconf 94' lang='lat' dir='ltr'><strong>De</strong></span> <span class='ocrx_word' id='word_1_581' title='bbox 838 4116 1083 4171; x_wconf 75' lang='lat' dir='ltr'><strong>lucifera</strong></span> <span class='ocrx_word' id='word_1_582' title='bbox 1118 4119 1298 4172; x_wconf 89' lang='lat' dir='ltr'><strong>Diana</strong></span> <span class='ocrx_word' id='word_1_583' title='bbox 1369 4139 1416 4169; x_wconf 86' lang='lat' dir='ltr'><strong>v.</strong></span> <span class='ocrx_word' id='word_1_584' title='bbox 1465 4119 1660 4175; x_wconf 82' lang='lat' dir='ltr'><strong>Heius.</strong></span> <span class='ocrx_word' id='word_1_585' title='bbox 1707 4118 1780 4173; x_wconf 88' lang='lat' dir='ltr'><strong>ad</strong></span> <span class='ocrx_word' id='word_1_586' title='bbox 1815 4118 1870 4171; x_wconf 87' lang='lat' dir='ltr'><strong>h.</strong></span> <span class='ocrx_word' id='word_1_587' title='bbox 1909 4118 1948 4171; x_wconf 95' lang='lat' dir='ltr'><strong>l.</strong></span> <span class='ocrx_word' id='word_1_588' title='bbox 2041 4118 2260 4171; x_wconf 83' lang='lat' dir='ltr'><strong>Graece</strong></span> <span class='ocrx_word' id='word_1_589' title='bbox 2299 4116 2380 4169; x_wconf 86' lang='lat' dir='ltr'><strong>di·</strong></span> <span class='ocrx_word' id='word_1_590' title='bbox 2437 4146 2458 4159; x_wconf 45' lang='grc' dir='ltr'>κ</span> 
     </span>
    </p>
   </div>
   <div class='ocr_carea' id='block_1_8' title="bbox 50 4174 2382 4681">
    <p class='ocr_par' dir='ltr' id='par_1_21' title="bbox 50 4174 2380 4303">
     <span class='ocr_line' id='line_1_59' title="bbox 50 4174 2380 4293; baseline -0.001 -50"><span class='ocrx_word' id='word_1_591' title='bbox 50 4174 175 4293; x_wconf 52' lang='lat' dir='ltr'><strong>{tur</strong></span> <span class='ocrx_word' id='word_1_592' title='bbox 210 4179 477 4247; x_wconf 66' lang='grc' dir='ltr'><strong><em>φωςφόρος</em></strong></span> <span class='ocrx_word' id='word_1_593' title='bbox 514 4193 570 4235; x_wconf 84' lang='lat' dir='ltr'><strong>et</strong></span> <span class='ocrx_word' id='word_1_594' title='bbox 604 4181 880 4252; x_wconf 72' lang='grc' dir='ltr'><strong>δαδοῦχος.</strong></span> <span class='ocrx_word' id='word_1_595' title='bbox 917 4207 969 4241; x_wconf 85' lang='lat' dir='ltr'><strong>v.</strong></span> <span class='ocrx_word' id='word_1_596' title='bbox 993 4188 1239 4243; x_wconf 86' lang='lat' dir='ltr'><strong>Pausan.</strong></span> <span class='ocrx_word' id='word_1_597' title='bbox 1273 4189 1327 4254; x_wconf 77' lang='grc'><strong>4,</strong></span> <span class='ocrx_word' id='word_1_598' title='bbox 1360 4188 1442 4243; x_wconf 87' lang='grc'><strong>31.</strong></span> <span class='ocrx_word' id='word_1_599' title='bbox 1481 4198 1542 4241; x_wconf 88' lang='lat' dir='ltr'><strong>et</strong></span> <span class='ocrx_word' id='word_1_600' title='bbox 1577 4188 1676 4245; x_wconf 65' lang='grc' dir='ltr'><strong>ΕΖ.</strong></span> <span class='ocrx_word' id='word_1_601' title='bbox 1703 4186 2010 4260; x_wconf 88' lang='lat' dir='ltr'><strong>Spanhem.</strong></span> <span class='ocrx_word' id='word_1_602' title='bbox 2052 4184 2127 4239; x_wconf 78' lang='lat' dir='ltr'><strong>ad</strong></span> <span class='ocrx_word' id='word_1_603' title='bbox 2162 4185 2380 4265; x_wconf 77' lang='lat' dir='ltr'><strong>Gallim.</strong></span> 
     </span>
     <span class='ocr_line' id='line_1_60' title="bbox 99 4242 1824 4303; baseline 0.013 -8"><span class='ocrx_word' id='word_1_604' title='bbox 99 4242 189 4295; x_wconf 73' lang='lat' dir='ltr'><strong>,in</strong></span> <span class='ocrx_word' id='word_1_605' title='bbox 228 4246 389 4301; x_wconf 90' lang='lat' dir='ltr'><strong>Dian.</strong></span> <span class='ocrx_word' id='word_1_606' title='bbox 431 4266 510 4303; x_wconf 84' lang='lat'><strong>11.</strong></span> <span class='ocrx_word' id='word_1_607' title='bbox 1810 4273 1824 4284; x_wconf 82' lang='grc'><strong>“</strong></span> 
     </span>
    </p>

    <p class='ocr_par' dir='ltr' id='par_1_22' title="bbox 50 4311 2382 4597">
     <span class='ocr_line' id='line_1_61' title="bbox 104 4311 2382 4397; baseline -0.004 -16"><span class='ocrx_word' id='word_1_608' title='bbox 104 4311 169 4365; x_wconf 77' lang='lat' dir='ltr'><strong>V·</strong></span> <span class='ocrx_word' id='word_1_609' title='bbox 209 4314 323 4381; x_wconf 75' lang='grc' dir='ltr'><strong>ι98·</strong></span> <span class='ocrx_word' id='word_1_610' title='bbox 391 4315 588 4365; x_wconf 77' lang='lat' dir='ltr'><strong>Anxia</strong></span> <span class='ocrx_word' id='word_1_611' title='bbox 621 4327 741 4367; x_wconf 81' lang='lat' dir='ltr'><strong>sunt</strong></span> <span class='ocrx_word' id='word_1_612' title='bbox 778 4320 915 4371; x_wconf 76' lang='lat' dir='ltr'><strong>vitae</strong></span> <span class='ocrx_word' id='word_1_613' title='bbox 952 4320 1085 4393; x_wconf 69' lang='lat' dir='ltr'><strong>etc]</strong></span> <span class='ocrx_word' id='word_1_614' title='bbox 1153 4324 1428 4379; x_wconf 82' lang='lat' dir='ltr'><strong>Francius</strong></span> <span class='ocrx_word' id='word_1_615' title='bbox 1477 4323 1840 4397; x_wconf 80' lang='lat' dir='ltr'><strong>corrigebat:</strong></span> <span class='ocrx_word' id='word_1_616' title='bbox 1887 4320 2083 4371; x_wconf 79' lang='lat' dir='ltr'><strong>Anxia</strong></span> <span class='ocrx_word' id='word_1_617' title='bbox 2107 4338 2216 4390; x_wconf 82' lang='lat' dir='ltr'><strong>pro</strong></span> <span class='ocrx_word' id='word_1_618' title='bbox 2268 4324 2382 4389; x_wconf 64' lang='lat' dir='ltr'><strong>cita</strong></span> 
     </span>
     <span class='ocr_line' id='line_1_62' title="bbox 50 4387 2379 4465; baseline -0.003 -16"><span class='ocrx_word' id='word_1_619' title='bbox 50 4387 242 4446; x_wconf 70' lang='lat' dir='ltr'>P²⁶²⁰m</span> <span class='ocrx_word' id='word_1_620' title='bbox 290 4392 476 4433; x_wconf 55' lang='lat' dir='ltr'><strong>&#39;mum</strong></span> <span class='ocrx_word' id='word_1_621' title='bbox 525 4394 635 4436; x_wconf 69' lang='lat' dir='ltr'><strong>lua·</strong></span> <span class='ocrx_word' id='word_1_622' title='bbox 716 4389 791 4441; x_wconf 82' lang='lat' dir='ltr'><strong>Et</strong></span> <span class='ocrx_word' id='word_1_623' title='bbox 840 4392 920 4445; x_wconf 74' lang='lat' dir='ltr'><strong>sic</strong></span> <span class='ocrx_word' id='word_1_624' title='bbox 966 4403 1205 4463; x_wconf 81' lang='lat' dir='ltr'><strong>praeter</strong></span> <span class='ocrx_word' id='word_1_625' title='bbox 1240 4394 1384 4450; x_wconf 74' lang='lat' dir='ltr'><strong>alios</strong></span> <span class='ocrx_word' id='word_1_626' title='bbox 1422 4392 1687 4465; x_wconf 83' lang='lat' dir='ltr'><strong>loquitur</strong></span> <span class='ocrx_word' id='word_1_627' title='bbox 1727 4390 1892 4447; x_wconf 77' lang='lat' dir='ltr'><strong>Ovid.</strong></span> <span class='ocrx_word' id='word_1_628' title='bbox 1975 4392 2110 4442; x_wconf 87' lang='lat' dir='ltr'><strong>Met·</strong></span> <span class='ocrx_word' id='word_1_629' title='bbox 2153 4408 2170 4439; x_wconf 89' lang='grc'><strong>1</strong></span> <span class='ocrx_word' id='word_1_630' title='bbox 2197 4427 2214 4454; x_wconf 81' lang='lat'>‚</span> <span class='ocrx_word' id='word_1_631' title='bbox 2265 4395 2379 4448; x_wconf 75' lang='lat'><strong>182.</strong></span> 
     </span>
     <span class='ocr_line' id='line_1_63' title="bbox 56 4442 2378 4539; baseline 0.004 -38"><span class='ocrx_word' id='word_1_632' title='bbox 56 4442 157 4495; x_wconf 84' lang='lat' dir='ltr'><strong>Non</strong></span> <span class='ocrx_word' id='word_1_633' title='bbox 192 4466 287 4518; x_wconf 80' lang='lat' dir='ltr'><strong>ego</strong></span> <span class='ocrx_word' id='word_1_634' title='bbox 316 4468 416 4531; x_wconf 72' lang='lat' dir='ltr'><strong>pro</strong></span> <span class='ocrx_word' id='word_1_635' title='bbox 456 4453 645 4504; x_wconf 83' lang='lat' dir='ltr'><strong>mandi</strong></span> <span class='ocrx_word' id='word_1_636' title='bbox 676 4471 837 4526; x_wconf 82' lang='lat' dir='ltr'><strong>regno</strong></span> <span class='ocrx_word' id='word_1_637' title='bbox 874 4460 1047 4531; x_wconf 77' lang='lat' dir='ltr'><strong>magis</strong></span> <span class='ocrx_word' id='word_1_638' title='bbox 1082 4461 1300 4521; x_wconf 75' lang='lat' dir='ltr'><strong>anxius.</strong></span> <span class='ocrx_word' id='word_1_639' title='bbox 1382 4461 1501 4515; x_wconf 84' lang='lat' dir='ltr'><strong>Sed</strong></span> <span class='ocrx_word' id='word_1_640' title='bbox 1552 4460 1809 4524; x_wconf 68' lang='lat' dir='ltr'><strong>laudavit</strong></span> <span class='ocrx_word' id='word_1_641' title='bbox 1853 4458 2217 4539; x_wconf 68' lang='lat' dir='ltr'><strong>Burmannus</strong></span> <span class='ocrx_word' id='word_1_642' title='bbox 2261 4457 2378 4511; x_wconf 86' lang='lat' dir='ltr'><strong>duo</strong></span> 
     </span>
     <span class='ocr_line' id='line_1_64' title="bbox 55 4513 2379 4597; baseline 0 -15"><span class='ocrx_word' id='word_1_643' title='bbox 55 4513 185 4581; x_wconf 62' lang='lat'><strong>¹0⁰³,</strong></span> <span class='ocrx_word' id='word_1_644' title='bbox 233 4517 333 4570; x_wconf 78' lang='lat' dir='ltr'><strong>ubl</strong></span> <span class='ocrx_word' id='word_1_645' title='bbox 369 4522 569 4573; x_wconf 72' lang='lat' dir='ltr'><strong>anxius</strong></span> <span class='ocrx_word' id='word_1_646' title='bbox 604 4540 730 4575; x_wconf 88' lang='lat' dir='ltr'><strong>cum</strong></span> <span class='ocrx_word' id='word_1_647' title='bbox 764 4527 1013 4597; x_wconf 82' lang='lat' dir='ltr'><strong>genitivo</strong></span> <span class='ocrx_word' id='word_1_648' title='bbox 1044 4540 1434 4586; x_wconf 86' lang='lat' dir='ltr'><strong>constructum</strong></span> <span class='ocrx_word' id='word_1_649' title='bbox 1471 4530 1676 4585; x_wconf 86' lang='lat' dir='ltr'><strong>eodem</strong></span> <span class='ocrx_word' id='word_1_650' title='bbox 1715 4545 1888 4583; x_wconf 80' lang='lat' dir='ltr'><strong>sensu</strong></span> <span class='ocrx_word' id='word_1_651' title='bbox 1919 4525 2138 4587; x_wconf 57' lang='lat' dir='ltr'><strong>dicitur.</strong></span> <span class='ocrx_word' id='word_1_652' title='bbox 2211 4525 2379 4583; x_wconf 78' lang='lat' dir='ltr'><strong>Certe</strong></span> 
     </span>
    </p>

    <p class='ocr_par' dir='ltr' id='par_1_23' title="bbox 174 4596 1823 4681">
     <span class='ocr_line' id='line_1_65' title="bbox 174 4596 1823 4681; baseline -0.002 -44"><span class='ocrx_word' id='word_1_653' title='bbox 174 4596 398 4639; x_wconf 68' lang='lat' dir='ltr'><strong>Ruhnkemk&#39;</strong></span> <span class='ocrx_word' id='word_1_654' title='bbox 420 4598 517 4643; x_wconf 71' lang='lat' dir='ltr'><strong>dict.</strong></span> <span class='ocrx_word' id='word_1_655' title='bbox 548 4601 587 4642; x_wconf 75' lang='lat' dir='ltr'><strong>in</strong></span> <span class='ocrx_word' id='word_1_656' title='bbox 614 4604 693 4647; x_wconf 67' lang='lat' dir='ltr'><strong>ov,</strong></span> <span class='ocrx_word' id='word_1_657' title='bbox 722 4606 885 4648; x_wconf 67' lang='lat' dir='ltr'><strong>Hes-oid.</strong></span> <span class='ocrx_word' id='word_1_658' title='bbox 1240 4648 1249 4653; x_wconf 88' lang='lat'><strong>.</strong></span> <span class='ocrx_word' id='word_1_659' title='bbox 1489 4650 1496 4672; x_wconf 70' lang='lat'><em>,</em></span> <span class='ocrx_word' id='word_1_660' title='bbox 1779 4613 1823 4681; x_wconf 75' lang='grc'><em>8</em></span> 
     </span>
    </p>
   </div>
  </div>
 </body>
</html>
