2909 5050
546 39 554 64 Ι

503 229 617 294 '32
1437 229 1509 285 D.
1545 230 1612 283 R.
1651 228 1983 284 DICTATA
2886 255 2888 324 ἶ

508 385 602 441 sic.
635 364 798 454 Virg-
833 381 977 435 Aen·
1012 383 1065 444 3,
1099 378 1152 432 6.
1191 385 1394 449 recepto
1430 380 1667 449 supplice
1704 375 1795 430 Sic
1830 376 2037 432 merito.
2077 399 2133 437 v.
2158 383 2422 456 Interpp.
2446 381 2519 435 ad
2540 383 2677 438 Val.
2696 345 2888 439 Flaccd

509 455 814 586 &xpel-33}-
851 448 1092 581 ajlnlimi’j
1143 515 1222 569 'In
1267 516 1485 588 plurali
1534 528 1750 588 poetae
1788 515 1860 571 de
1908 535 2027 572 uno
2066 519 2299 573 homine
2339 517 2555 576 dicunt.
2626 522 2804 575 Trist.
2838 497 2889 588 52

511 614 561 659 1,
597 593 682 648 23.
719 590 932 639 animos
965 585 1042 636 ad
1070 585 1291 656 publica
1327 585 1572 634 carmina
1597 586 1758 655 flexi,
1826 586 2075 642 Phaedr.
2117 604 2166 654 2,
2204 602 2258 654 2,
2294 589 2345 642 5.
2382 587 2725 660 Animosque
2762 593 2888 657 ejus-3

506 664 628 713 dem
662 659 851 729 pulcra
876 654 1088 723 juvenis
1123 660 1354 724 ceperat.
1387 653 1489 706 ubi
1524 673 1577 707 v.
1615 655 1929 710 Burmann.
2267 677 2271 685 ·
2886 657 2888 718 j

503 763 508 768 ·
573 731 650 784 V.
691 728 807 783 131.
877 722 1168 789 Moritura]
1240 720 1386 773 Mon·
1422 724 1615 776 omnia
1663 724 1861 804 dicunt
1894 735 2142 805 poetae,
2194 743 2347 798 quae
2395 723 2708 792 deficiunt,
2764 731 2888 786 esse}

505 801 818 855 desinunt..
854 795 958 849 Ov.
997 810 1063 844 ex
1097 793 1158 843 P.
1195 793 1247 846 3.
1285 793 1390 863 Ep.
1433 809 1481 875 ²)
1519 809 1603 862 27.
1651 791 1801 844 Tunc
1836 804 1999 863 egitur
2034 793 2209 844 meriti
2231 795 2485 845 morietur
2509 797 2693 866 gratia
2718 799 2888 864 ‘vestri-3

410 932 412 934 ,
504 891 558 925 v.
597 863 862 923 Oudend.
898 859 972 915 ad
1006 861 1220 917 Lucan.
1256 864 1307 928 4,
1343 865 1431 927 78.

571 937 784 993 Aevum
800 930 1086 1000 saturum]
1125 939 1230 989 est,
1269 929 1430 1002 quod
1464 929 1700 983 Saturni
1734 947 1975 1002 regnum
2014 931 2261 1002 excepit.
2367 996 2371 998 .
2887 969 2888 1000 3

570 1008 646 1061 V.
687 1003 801 1068 134.
870 996 1064 1048 Fratre
1101 999 1299 1048 marita
1335 1001 1511 1063 soror]
1603 1000 1813 1052 Rarior
1864 1010 1951 1052 est
1984 999 2127 1065 haec
2163 1001 2551 1066 constructio,
2612 999 2711 1054 sed
2746 1002 2888 1068 simi}

502 1077 620 1138 lem
668 1073 1014 1142 interpretes
1067 1065 1455 1125 observarunt
1501 1067 1558 1120 in
1610 1071 1815 1122 Horat.
1865 1071 1917 1124 3.
1977 1067 2161 1122 Carm.
2213 1069 2265 1133 5,
2310 1072 2363 1124 5.
2434 1069 2663 1120 Milesne
2717 1070 2888 1122 Crassi*

504 1145 728 1212 conj-age
765 1135 1001 1190 barbara
1043 1132 1237 1204 Turpis
1273 1135 1498 1185 maritus
1534 1134 1717 1185 vixit?
1787 1135 1992 1186 Marito
2028 1136 2270 1223 ponituf
2301 1155 2414 1209 pro
2453 1139 2741 1194 maritata.

569 1213 646 1266 V,
690 1209 804 1266 136.
875 1203 1088 1268 Nodos]
1160 1201 1382 1264 Nodos,
1424 1205 1723 1265 vinculum,
1774 1215 1961 1255 catena
2000 1223 2172 1277 saepe
2211 1204 2287 1258 ad
2322 1207 2611 1278 sanguinis
2648 1209 2745 1261 vel
2780 1211 2886 1262 ani·

501 1298 729 1335 morum
765 1273 1225 1344 conjunctionem
1263 1271 1710 1326 transferuntur.
1781 1275 1898 1328 Cic.
1949 1273 2021 1327 dc
2065 1273 2246 1331 Amic.
2288 1276 2371 1341 143
2418 1275 2888 1328 Amabilissimum

501 1349 707 1400 nodum
743 1343 1011 1401 amicitiae
1048 1342 1250 1394 tollere.
1303 1361 1358 1394 v.
1394 1342 1655 1414 Interpp.
1694 1340 1765 1394 ad
1803 1344 1857 1395 h.
1899 1345 1938 1398 l.
2048 1369 2051 1372 ·
2887 1387 2888 1390 η

569 1420 642 1473 V.
699 1417 816 1471 138.
905 1412 1150 1482 Cognato
1200 1409 1438 1478 nomine]
1519 1413 1632 1464 Pro
1690 1429 1755 1464 co
1794 1424 1967 1466 natae
2016 1410 2267 1464 nomine.
2341 1411 2435 1466 Sic
2484 1414 2597 1485 Ep.
2658 1417 2752 1481 14,
2802 1419 2888 1472 81.

405 1532 410 1542 ,
501 1479 735 1558 cognata
770 1500 915 1534 mors
948 1498 1060 1554 pro
1099 1490 1289 1532 morte
1326 1491 1715 1551 cognatorum.
1820 1491 1893 1534 et.
1940 1481 2036 1545 15,
2074 1481 2196 1544 451.
2235 1490 2465 1548 cognata
2501 1483 2723 1532 moenia
2757 1491 2889 1538 sunt?

487 1555 728 1612 ¹moenia
765 1551 993 1624 cognati
1031 1548 1258 1620 populi.
1316 1547 1491 1618 Apud
1528 1548 1739 1610 Catuli.
1776 1551 1863 1614 66,
1898 1550 1983 1618 98.
2020 1547 2237 1618 cognati
2260 1551 2629 1604 einer-essunt
2666 1553 2888 1608 cineres}

502 1625 904 1698 cognatorum.
974 1620 1059 1671 Ex
1097 1617 1306 1740 ῗηὶὴιιε
1343 1617 1620 1688 exemplis
1656 1629 1839 1689 patet,
1875 1617 2067 1691 poetis
2103 1619 2161 1670 in
2194 1619 2393 1688 primis
2422 1621 2569 1672 hanc
2598 1623 2888 1676 rationem

499 1697 560 1749 in
595 1711 736 1746 voce
775 1695 1033 1759 cognatus
1065 1703 1103 1768 p
1135 1686 1377 1740 acuisse.

569 1763 646 1817 V.
691 1761 806 1830 139.
886 1755 1118 1824 Vident]
1187 1756 1302 1807 Per
1349 1753 1583 1825 ellipsin
1614 1755 1951 1872 particulae
1985 1754 2032 1803 si
2068 1753 2366 1826 eleganter
2414 1756 2630 1811 dicitur
2683 1776 2796 1830 pro
2845 1759 2889 1818 .ςέ

501 1831 621 1903 quis
670 1826 876 1880 viderit.
929 1824 1042 1878 cic.
1092 1823 1236 1877 Phil.
1298 1823 1413 1888 13„
1449 1841 1527 1875 11.
1675 1823 1947 1880 ecesseris‚
1995 1823 2231 1892 undique
2278 1842 2463 1875 omnes
2511 1826 2888 1896 insequentur?

500 1897 788 1952 manseris;
826 1891 1086 1946 haerebis.
1123 1891 1338 1946 Tibull.
1380 1910 1427 1957 1,
1463 1911 1517 1956 7,
1560 1893 1646 1958 43.
1712 1891 1791 1942 At.
1814 1891 1949 1940 mihi
1974 1891 2299 1942 servandam
2336 1893 2551 1954 credas;
2588 1913 2701 1944 non
2726 1901 2889 1948 saeva

499 1961 682 2021 recuso
737 1962 995 2014 Verbera.
1047 1962 1152 2014 Ov.
1199 1960 1361 2015 Rem.
1410 1959 1539 2036 Am.
1576 1961 1703 2036 745.Ι
1776 1957 2019 2010 Gnosida
2048 1959 2269 2025 fecisses
2302 1961 2359 2010 in
2398 1981 2553 2032 opem
2566 1983 2583 2022 ‚·
2622 1953 2889 2033 sapienter

395 2033 408 2055 ⁸
500 2041 754 2088 amasset.
792 2052 845 2088 v.
885 2032 1146 2085 Gronov.
1189 2029 1431 2083 Observ.
1468 2029 1531 2094 4,
1570 2046 1649 2081 20.
1685 2047 1743 2100 p.
1779 2029 1899 2083 315.
1938 2039 1995 2082 et
2028 2030 2206 2082 Drak.
2246 2028 2317 2081 ad
2354 2031 2474 2085 Liv.
2514 2049 2572 2084 21
2595 2069 2613 2097 ,
2659 2051 2740 2085 ιο.

532 2156 536 2160 ,
567 2098 902 2172 Amplexus]
933 2098 1161 2154 Passive
1189 2097 1533 2169 capiendum
1563 2116 1596 2151 a
1625 2098 1809 2164 veteri
1836 2097 2240 2171 conjugatione
2268 2101 2557 2170 amplecto.
2593 2118 2648 2155 v.
2682 2103 2888 2174 Intpp.

499 2173 576 2229 ad
608 2174 668 2225 h.
703 2172 744 2226 l.
1049 2167 1056 2178 ‘
1451 2215 1456 2220 .
1526 2179 1546 2192 “

445 2283 450 2290 .
555 2243 642 2296 'V.
686 2241 799 2305 141.
873 2232 987 2286 Per
1035 2233 1296 2302 tenebras]
1370 2235 1404 2287 i.
1435 2252 1487 2289 e.
1528 2253 1657 2288 cum
1693 2234 1973 2289 tenebrae
2012 2246 2223 2289 essent.
2258 2236 2464 2291 sustin.
2506 2256 2551 2304 1,
2584 2239 2640 2293 8.
2717 2240 2889 2308 Cyrus

497 2327 734 2362 reversus
763 2312 1132 2377 pernoctem,
1181 2303 1394 2354 saucios
1427 2322 1494 2372 op
1535 2304 1700 2362 remit,
1742 2324 1793 2358 v.
1831 2305 2006 2361 Drak.
2044 2302 2117 2357 ad
2150 2304 2270 2360 Liv.
2308 2306 2374 2369 5,
2414 2324 2462 2372 ‚²-
2887 2321 2888 2328 ¹

541 2377 806 2427 ·Dabitur
849 2372 1142 2423 reseranda
1195 2372 1401 2440 mariti]
1493 2324 1808 2444 §erperam
1870 2375 2068 2426 Burin.
2118 2373 2199 2425 sic
2248 2373 2461 2440 edidit,
2521 2391 2704 2430 unum
2754 2376 2889 2434 cod.

403 2449 415 2467 ¹
497 2457 744 2502 secutus.
809 2442 1032 2496 Melior·
1055 2451 1144 2496 est
1177 2440 1355 2494 lee‘tio
1393 2440 1623 2514 vulgata
1659 2437 1782 2490 duri
1814 2441 2105 2491 reseranda
2130 2441 2331 2504 mariti,
2366 2445 2717 2516 praesertim
2755 2449 2889 2498 cum

496 2516 738 2572 verbum
775 2510 948 2562 dabas
983 2508 1251 2583 sequenti
1289 2507 1535 2565 disticho
1578 2521 1863 2564 occurrat.
2556 2536 2571 2551 a

567 2586 640 2640 V.
681 2583 795 2651 146.
869 2580 942 2629 In
991 2579 1126 2629 lecto
1177 2576 1320 2646 meo]
1405 2582 1685 2633 Veterum
1727 2596 1884 2633 more
1934 2579 2037 2633 filii
2072 2580 2239 2633 etiam
2288 2582 2587 2654 pubertati
2632 2583 2889 2655 proximi

498 2672 645 2719 cum,
676 2661 858 2705 matre
911 2649 968 2700 in
1007 2647 1213 2700 eodem
1260 2646 1416 2701 lecto
1454 2647 1673 2702 cubare
1715 2648 2021 2712 solebant,
2059 2660 2119 2703 et
2152 2659 2338 2703 mater
2374 2652 2533 2705 'hanc
2565 2654 2889 2725 praecipue

495 2718 956 2843 curzmlagebat,
991 2734 1064 2769 ne
1104 2715 1426 2787 praedator
1462 2716 1731 2790 corporis
1767 2716 2194 2773 admitteretur.
2231 2738 2281 2770 v.
2317 2719 2565 2773 Phaedr.
2603 2722 2657 2780 3,
2700 2740 2780 2789 ιο,
2824 2741 2889 2781 22

453 2825 455 2832 ι
497 2801 555 2845 et
589 2791 606 2842 i
652 2789 667 2841 i
723 2799 784 2841 nt
874 2814 916 2838 .·
2887 2798 2888 2801 ’

446 2856 464 2873 ³
563 2859 639 2913 V.
681 2804 1276 2924 147PpProperataque
1304 2852 1544 2921 foedera
1573 2853 1765 2926 junge]
1815 2855 1851 2908 i.
1887 2873 1939 2910 e.
1976 2868 2365 2927 properanter
2400 2856 2648 2912 foedera
2684 2850 2889 2934 junge.

495 2926 745 2979 Foedera
797 2942 917 2977 non
965 2922 1156 2987 solum
1209 2921 1281 2975 de
1329 2924 1594 2999 legitimis
1641 2943 1720 2977 nu
1766 2924 1893 2991 tiis,
1946 2923 2052 2978 sed
2098 2925 2268 2978 etiam
2326 2924 2395 2979 de
2434 2928 2641 3007 quovis
2679 2932 2889 2985 amore*

495 2996 713 3051 furtivo
753 2992 1039 3047 dicuntur.
1076 2990 1193 3045 Cic.
1235 3010 1292 3063 p.
1325 2992 1492 3046 Coel.
1536 2997 1613 3061 14.
1683 2942 1871 3045 &Kone
1908 3012 2005 3099 (ἕο
2027 3011 2221 3063 pacem
2247 2992 2446 3063 Pyrrha
2486 2995 2703 3057 diremi,
2741 3009 2809 3048 ut
2835 3008 2889 3047 tu

495 3083 710 3115 morum
744 3060 1172 3133 turpissimorum
1211 3060 1445 3129 quotidie
1461 3060 1701 3129 foedera
1701 3062 1943 3181 λβνίνεε.

563 3134 638 3186 V.
682 3131 794 3197 148.
868 3126 979 3197 Qui
1013 3128 1147 3177 mihi
1180 3147 1322 3179 nunc
1357 3130 1548 3195 saevit]
1618 3128 1703 3181 Me·
1738 3132 1759 3179 ἰ
1790 3132 1961 3185 estin
1988 3128 2254 3185 dolorem
2276 3148 2485 3197 meum,
2523 3132 2583 3186 in
2610 3131 2889 3189 damnum

492 3219 700 3256 meum.
772 3198 844 3249 Hi
897 3197 1070 3251 dativi
1107 3195 1284 3249 modo
1323 3196 1589 3252 dolorem
1628 3210 1687 3253 et
1721 3198 2027 3266 damnum,
2080 3200 2257 3253 modo
2293 3201 2581 3254 honorem
2620 3213 2679 3256 et
2713 3221 2889 3285 prae-

493 3272 668 3325 mium
706 3266 1034 3339 significant·
1071 3266 1335 3319 v-Burm-
1373 3266 1446 3319 ad
1476 3267 1607 3323 Val.
1644 3268 1835 3323 Flacc.
1872 3288 1901 3317 2
1924 3307 1939 3334 ‚
1984 3268 2099 3335 145.
2170 3269 2309 3321 Mox
2354 3270 2644 3341 particula
2678 3290 2758 3322 sac
2801 3284 2889 3329 est

496 3338 750 3413 optantis
791 3348 848 3389 et
875 3334 1152 3393 voventis,
1184 3345 1249 3388 ut
1283 3335 1331 3386 E
1380 3374 1392 3388 .
1433 3336 1488 3401 3,
1532 3337 1647 3393 135.
1687 3334 1781 3387 Sic
1814 3356 1997 3389 omnes
2014 3334 2213 3389 Peleus
2242 3347 2399 3407 pater
2432 3338 2657 3409 impleat
2687 3359 2889 3397 annos.

563 3408 790 3475 V,‘149.
876 3401 1124 3473 Supplex
1177 3400 1329 3455 humi
1351 3405 1500 3475 isque
1541 3406 1775 3473 precari]
1828 3406 2035 3459 Markl.
2088 3407 2162 3459 ad
2198 3405 2343 3462 Stat.
2390 3407 2545 3477 Sylv.
2582 3409 2649 3473 5,
2694 3429 2754 3475 1,
2798 3412 2889 3465 33.

493 3474 742 3548 eleganti
777 3476 1114 3539 conjectura
1148 3472 1320 3541 legit=
1355 3476 1589 3543 supplex
1624 3473 1947 3545 humilisque
1985 3476 2181 3529 vocari.
2245 3474 2450 3527 Vocari
2472 3486 2531 3529 et
2564 3476 2675 3528 dici
2706 3496 2889 3551 saepe

395 3566 400 3571 ’
491 3545 736 3621 ponitur
767 3560 880 3615 pro
937 3556 1082 3593 csse·
1112 3551 1178 3593 ut
1213 3559 1304 3611 ap·
1346 3542 1604 3595 Graecos
1640 3544 1908 3593 καλεῖσθαι
1942 3562 2052 3615 pro
2092 3543 2236 3598 εἶναι,

560 3617 633 3670 V.
679 3614 793 3666 150.
868 3606 1030 3659 Heu!
1063 3608 1156 3657 ubi
1183 3608 1304 3677 etc.]
1374 3612 1485 3663 Hic
1536 3629 1733 3665 versus
1770 3611 1847 3665 ita
1902 3610 2395 3685 interpungendus
2430 3612 2678 3673 videtur.
2718 3612 2889 3665 Heu!

490 3684 584 3735 ubi
619 3699 760 3731 nunc
791 3681 982 3747 fastus
1035 3678 1489 3747 altaquetverba?
1532 3682 1731 3746 jacent.
1802 3682 2079 3735 Formula
2116 3680 2209 3731 uhi
2242 3700 2384 3731 nunc
2420 3694 2505 3737 est
2540 3684 2633 3737 vel
2672 3702 2889 3755 expro-

488 3750 714 3809 brantis
765 3749 859 3803 vel
907 3746 1291 3799 desiderantis
1342 3746 1563 3806 bonum
1621 3750 1909 3803 amissum.
1961 3750 2144 3805 Tacit.
2189 3753 2337 3803 Ann.
2376 3768 2438 3817 2,
2492 3769 2541 3805 2.
2590 3751 2687 3801 ubi
2724 3754 2889 3803 illam

525 3818 721 3871 loriam
760 3814 1476 3867 trucidantium-Crassum?
1527 3816 1628 3871 uhi
1679 3837 1735 3872 v,
1774 3817 1967 3890 ῙῃῑΡΡ,
2003 3816 2195 3869 Jucere
2232 3831 2322 3873 est
2359 3822 2675 3887 contemni,
2714 3820 2889 3895 Parvi

535 3890 638 3943 uci-
678 3886 792 3942 Cic.
829 3887 995 3938 Tusc.
1046 3903 1103 3949 1,
1158 3902 1204 3937 2.
1234 3886 1421 3951 jacent
1470 3904 1534 3935 ea
1572 3904 1679 3936 sem
1723 3904 1803 3946 er,
1849 3906 1989 3957 quae
2037 3888 2425 3958 improbantur.
2463 3908 2519 3961 p.
2558 3889 2799 3944 cluent,
2846 3910 2889 3949 2.

491 3958 797 4008 dominetur
821 3954 878 4003 in
905 3953 1265 4011 concionibuS,
1294 3955 1480 4021 jaceat
1499 3954 1553 4002 in
1575 3906 1901 4033 judii-iis7v.
1933 3958 2124 4029 Intpp.
2157 3956 2231 4009 ad
2268 3959 2373 4014 Ov.
2420 3959 2549 4012 Am.
2598 3976 2653 4025 2,
2693 3976 2751 4027 2,
2798 3962 2889 4017 30.

492 4039 551 4081 et
583 4027 814 4079 Ernest.
855 4022 998 4075 clav.
1037 4022 1158 4077 Cic.
1197 4023 1253 4075 h.
1291 4042 1342 4075 v.

562 4096 636 4149 V.
679 4094 793 4148 152.
868 4090 1024 4141 Certa
1039 4090 1160 4158 fui]
1197 4090 1301 4145 i.e.
1341 4090 1592 4157 decrevi,
1636 4092 1932 4148 constitui.
1960 4095 2065 4166 Ep.
2092 4112 2147 4159 7,
2182 4110 2235 4163 7.
2274 4092 2455 4145 Certus
2482 4113 2536 4146 es
2571 4095 2649 4147 ire
2674 4106 2889 4153 tamen.

488 4163 600 4235 Ep.
640 4165 734 4227 15,
789 4175 873 4236 99.
949 4156 1013 4209 Si
1061 4168 1173 4207 tam
1221 4165 1390 4209 certus
1444 4177 1563 4210 eras
1605 4160 1731 4211 hinc
1779 4162 1874 4215 ire.
1948 4161 2042 4215 Sic
2080 4154 2251 4215 etiam
2299 4162 2495 4218 dicunt
2532 4174 2740 4217 certum
2780 4176 2889 4227 est¹

487 4247 601 4303 pro
652 4230 947 4284 decretum
998 4239 1106 4281 est.
1159 4228 1276 4281 Cic.
1322 4246 1378 4299 p·
1429 4229 1602 4282 Rosc.
1657 4232 1787 4287 Am.
1843 4248 1923 4282 11.
2015 4229 2227 4280 Certum
2275 4242 2352 4283 est
2384 4232 2889 4305 deliberatumque,

489 4299 674 4350 omnia
710 4298 899 4349 dicere.
937 4316 989 4349 v.
1024 4297 1202 4349 Drak.
1243 4295 1316 4348 ad
1337 4295 1475 4351 tLiff.
1514 4314 1580 4363 2,
1619 4301 1705 4364 45,
1796 4314 1808 4337 x
1974 4303 1979 4308 '

552 4368 627 4422 V.
671 4368 782 4422 155.
852 4364 1153 4436 Depuduit]
1189 4365 1224 4419 i.
1265 4384 1312 4417 e.
1353 4364 1548 4437 pudor
1575 4366 1764 4433 desiit,
1801 4379 1869 4422 ut
1902 4366 2029 4421 Am.
2064 4367 2119 4434 3,
2144 4388 2227 4437 11,
2262 4373 2317 4437 4.
2350 4368 2430 4423 Et
2453 4391 2589 4443 quae
2617 4372 2889 4444 depuduit

477 4436 643 4505 serre,
680 4432 857 4485 tulisse
888 4434 1071 4504 pudet.
1104 4454 1156 4489 v.
1194 4434 1387 4505 lntpp.
1428 4432 1501 4486 ad
1536 4435 1591 4491 h.
1626 4435 1667 4488 l.
1862 4455 1869 4468 ’

559 4502 757 4555 Pudor
805 4521 906 4553 sua
951 4502 1108 4584 sigula
1155 4502 1428 4573 relinquit]
1496 4503 1853 4575 Metaphora·
1898 4504 2069 4562 ducta
2107 4518 2196 4561 est
2231 4524 2264 4562 a
2312 4525 2379 4563 re
2423 4509 2686 4569 militari.
2736 4514 2889 4567 Nam
