2909 5050
468 226 571 312 2'2
1399 247 1474 300 D.
1512 247 1576 298 R.
1611 243 1944 300 mc‘rA'rA

462 405 647 458 leviter
682 403 856 454 dicere
904 411 993 456 est
1035 398 1156 453 sine
1195 397 1508 452 verborum
1561 395 1876 450 acerbitate
1931 393 2144 448 dicere.
2209 393 2327 447 Cic.
2383 392 2456 447 ad
2513 394 2644 448 Div.
2698 395 2765 459 3,
2809 396 2845 446 6.

365 525 374 533 .
463 472 649 524 Alieni
679 470 946 530 hominis,
984 477 1042 518 ui
1068 467 1329 518 levissime
1358 466 1538 517 dicam
1556 501 1570 524 ‚
1609 471 1658 512 et
1676 463 1936 536 fugientis
1957 479 2316 534 congressum.

534 541 607 596 V.
643 541 731 599 81.
801 537 956 588 Dum
985 537 1073 606 ne]
1170 535 1418 591 Ponitur
1459 553 1570 607 pro
1613 530 1908 584 dummodo
1951 549 2083 584 non.
2147 531 2268 586 Liv.
2303 533 2368 597 3,
2407 549 2489 584 21.
2563 530 2724 582 Dum
2767 547 2846 601 ego

464 627 530 660 ne
562 607 740 660 imiter
778 607 1033 657 tribunos.
1080 605 1183 660 ubi
1218 623 1275 659 v.
1310 602 1600 658 Drakenb-

533 679 606 732 V.
640 677 728 735 85.
796 673 1051 743 Animos]
1119 668 1311 725 Animi
1352 689 1598 728 numero
1625 669 2012 724 multitudinis
2052 686 2227 742 saepe
2255 669 2500 740 ponitur
2535 686 2651 740 pro
2693 687 2752 718 su
2789 687 2852 718 er·

434 745 590 806 ,bia,
618 744 869 814 ferocia,
922 743 1226 796 iracundia.
1300 742 1419 799 Cio.
1465 759 1523 814 p.
1563 740 1677 812 leg.
1741 740 1897 793 Man.
1946 756 2028 794 22,
2066 756 2204 808 quae
2244 737 2430 787 civitas
2471 738 2634 786 unius
2672 738 2741 786 tri
2776 738 2852 786 uni

466 815 699 866 militum
730 813 945 864 animos
978 830 1044 862 ac
1072 811 1288 882 spiritus
1319 829 1504 882 capere
1573 809 1716 861 assit.
1755 808 1859 860 Ov.
1895 809 2035 860 Met.
2074 826 2095 858 1
2123 845 2139 872 ‚
2183 808 2298 862 166.
2337 805 2594 876 Ingentes
2625 806 2852 864 animos,

467 882 525 932 di
561 901 663 934 nas
692 879 829 932 Jove
855 880 1084 951 concipit
1120 880 1264 938 iras,
1299 879 1401 934 ubi
1429 899 1483 932 v.
1513 828 1702 950 ssttpp.
1743 889 1800 931 et
1829 877 2128 929 Drakenb.
2157 876 2232 929 ad
2253 875 2372 928 Liv.
2409 891 2474 937 2,
2511 891 2596 941 27.
2616 883 2675 928 et
2692 893 2746 940 7,
2783 892 2851 927 10.

524 903 610 1006 Q.
640 952 724 1010 86.
796 948 959 1020 Opes]
1028 949 1067 1004 ἱ.
1100 965 1151 1007 e.
1184 948 1344 1009 vires,
1376 947 1695 1019 potentiam.
1763 947 2008 1004 Fast.·6,
2047 945 2164 1000 568.
2231 943 2474 1068 Ho‘iles
2515 943 2854 1013 ingeminavit

469 1039 610 1092 opes·
680 1020 795 1074 Cic.
820 1018 1047 1092 psext.
1080 1035 1123 1069 ι.
1144 1035 1246 1088 pro
1278 1017 1439 1068 tantis
1473 1015 1662 1085 opibus
1685 1015 2006 1084 reipublicae
2041 1021 2297 1083 tantaque
2377 1011 2602 1083 ignitate
2638 1011 2850 1080 imperii.

469 1091 555 1145 lta
608 1106 708 1144 ens
724 1088 814 1142 vel
830 1087 1027 1142 civitas
1048 1087 1301 1156 opulenta
1332 1097 1418 1140 est
1433 1093 1657 1156 potens,
1695 1083 1894 1133 viribus
1924 1084 2120 1132 valens.
2156 1101 2212 1136 v.
2244 1082 2419 1134 Drak.
2451 1079 2523 1132 afl
2545 1081 2670 1134 Liv.
2699 1099 2749 1143 2,
2784 1098 2850 1132 21.

537 1107 623 1231 ῑβ,
644 1159 733 1225 87.
801 1153 1071 1223 Aeacida]
1140 1165 1231 1208 est
1254 1167 1441 1210 vocat,
1472 1153 1652 1207 Latin.
1685 1170 1716 1204 a
1743 1163 1910 1206 recto
1940 1149 2204 1202 Aeacida.
2273 1149 2466 1220 Saepe
2497 1151 2651 1202 enim
2683 1148 2854 1202 Latini

468 1243 673 1298 graeca
710 1227 936 1280 nomina
970 1224 1231 1277 exeuntia
1264 1223 1323 1277 in
1352 1242 1406 1275 es
1427 1223 1685 1276 formant
1715 1221 1772 1273 in
1816 1239 1882 1284 a,
1920 1230 1986 1273 ut:
2020 1218 2271 1278 Atrides,
2321 1217 2554 1284 Atrida3
2611 1216 2852 1286 Scythes,

470 1295 687 1366 Scytha.
726 1313 780 1348 v.
809 1295 980 1348 Voss.
1010 1290 1083 1346 de
1119 1291 1367 1363 Analog.
1404 1310 1450 1346 2.
1479 1292 1673 1345 Heius,
1702 1288 1772 1342 ad
1799 1289 1855 1341 h.
1887 1291 1926 1342 l.
1966 1299 2026 1342 et
2053 1286 2343 1342 Drak.'ad
2367 1287 2468 1341 Sil.
2501 1287 2631 1340 Ital.
2656 1289 2851 1356 13,796.

466 1367 571 1422 Est:
604 1374 795 1418 autem
829 1359 1078 1412 Aeacida
1110 1360 1396 1424 Achilles,
1433 1359 1610 1414 Aeaci
1647 1375 1851 1429 nepos,

535 1434 609 1487 V.
644 1435 731 1490 88.
810 1428 866 1480 T
858 1428 1097 1498 arbutos]
1168 1429 1200 1482 ἱ.
1231 1447 1281 1483 e.
1310 1428 1381 1482 de
1408 1427 1591 1502 gradu
1622 1438 1680 1482 et
1709 1437 1862 1480 statu
1903 1444 2010 1480 suo
2057 1425 2334 1493 dejectos.
2405 1425 2719 1496 Proprium
2750 1442 2855 1477 ver·

468 1503 609 1556 bum
658 1501 718 1553 in
755 1517 820 1553 re
851 1499 1084 1568 militari
1123 1509 1191 1552 ut
1233 1508 1291 1551 et
1327 1515 1584 1568 premere.
1656 1497 1887 1548 Metam.
1927 1505 2026 1559 12,
2090 1496 2200 1563 134.
2276 1493 2602 1563 Cedentique
2653 1512 2858 1563 sequens

472 1571 669 1629 instat,
708 1567 991 1637 turbatque
1024 1567 1251 1638 ruitque.
1288 1585 1341 1619 v.
1370 1569 1568 1620 Burm.
1601 1564 1674 1618 ad
1705 1566 1834 1620 Val.
1866 1566 2059 1619 Flacc.
2089 1567 2124 1630 4
2145 1601 2160 1628 ,
2199 1569 2318 1634 293.

539 1639 615 1692 V.
652 1639 740 1708 89,
812 1633 969 1686 Mota
1000 1634 1097 1703 est]
1165 1638 1201 1690 i.
1232 1652 1281 1688 e.
1308 1635 1512 1685 incerta
1543 1643 1619 1686 est
1638 1671 1652 1694 ,
1688 1645 1756 1687 ut
1785 1645 1950 1707 patet
1975 1651 2046 1692 ex
2072 1633 2352 1705 opposito
2378 1629 2604 1680 desinat·
2643 1631 2712 1684 A.
2743 1632 2852 1684 Am.

378 1725 389 1732 ·
473 1725 534 1772 2,
569 1709 687 1774 575.
730 1703 913 1775 Quam
938 1705 1125 1764 mala,
1162 1705 1277 1762 sol,
1317 1705 1572 1774 exempla
1616 1719 1812 1756 moves,
1851 1723 1900 1757 v.
1931 1703 2123 1756 Bentl.
2155 1701 2227 1755 ad
2241 1703 2384 1754 Hor.
2405 1701 2455 1754 3.
2489 1699 2679 1755 Carm.
2713 1721 2772 1768 7,
2793 1717 2854 1752 20.

538 1778 611 1830 V.
648 1793 736 1847 90.
813 1772 869 1824 T
862 1770 1105 1841 ristitiae]
1183 1772 1484 1847 Exquisite
1529 1771 1740 1825 dicitur
1795 1789 1908 1844 pro
1981 1770 2286 1822 iracundia.
2375 1769 2473 1822 stc
2535 1768 2700 1819 tristis
2801 1787 2853 1820 ro

470 1845 640 1896 iratus
686 1844 871 1898 Plaut.
920 1841 1105 1895 Casia.
1158 1859 1221 1898 2.
1254 1843 1325 1908 3,
1384 1843 1465 1908 14.
1536 1839 1664 1890 Non
1703 1839 1879 1898 decet,
1931 1847 1978 1889 te
2021 1857 2126 1890 esse
2168 1848 2284 1888 tam
2329 1839 2532 1888 tristem
2575 1847 2668 1887 tuo
2725 1788 2854 1888 Jeme]

468 1915 739 1986 Propert.
772 1931 795 1964 ι
816 1946 832 1974 ‚
873 1913 965 1979 14,
1010 1911 1088 1963 16.
1160 1907 1330 1961 Nulla
1362 1909 1498 1961 mihi
1520 1909 1656 1960 tristi
1684 1908 1931 1980 praemia
1961 1908 2068 1958 sint
2105 1908 2326 1959 Venere.
2366 1905 2584 1960 Tibull.
2618 1910 2675 1973 4,
2701 1910 2758 1974 4,
2786 1925 2856 1959 20.

472 1979 536 2036 Si
567 1981 785 2051 quando
798 1978 977 2049 fuerit
1008 1979 1209 2030 tristior
1241 1979 1341 2030 illa
1379 1979 1493 2033 tibi.
1542 1979 1644 2032 ubi
1683 1997 1734 2030 v.
1769 1977 2034 2030 Broukh.

538 2048 761 2118 Modus]
830 2050 865 2104 i.
914 2067 964 2101 e.
992 2045 1163 2116 finis,
1216 2049 1502 2108 terminus,
1558 2064 1728 2120 quem
1775 2047 2020 2100 transire
2063 2063 2184 2100 non
2227 2045 2387 2098 licet.
2471 2045 2580 2116 Ep.
2633 2065 2702 2112 7,
2760 2047 2853 2100 160.

469 2117 689 2168 damnis
712 2119 783 2170 sit
808 2115 1002 2168 modus
1028 2115 1118 2166 ille
1150 2117 1273 2170 tuis.
1343 2117 1494 2170 Hinc
1523 2114 1717 2166 modus
1747 2125 1805 2170 et
1822 2114 1959 2183 finis
1988 2131 2159 2187 saepe
2190 2115 2521 2196 junguntur·
2569 2113 2854 2167 Cic-Verr-

472 2205 501 2240 2
522 2225 540 2252 ,
572 2187 663 2255 48.
702 2194 762 2236 ut
783 2204 882 2236 nos
906 2183 1132 2234 modum
1164 2185 1400 2254 aliquem
1434 2192 1485 2234 et
1514 2182 1694 2253 finem
1727 2183 1964 2233 orationi
1994 2193 2207 2234 nostrae
2240 2181 2656 2251 criminibusque
2721 2185 2852 2234 acia-

471 2273 607 2316 mus.
644 2255 788 2309 Hor.
823 2273 866 2307 1.
898 2253 1065 2307 Serm
1100 2271 1122 2304 1
1146 2291 1162 2318 ‚
1213 2255 1328 2310 106.
1415 2251 1522 2302 Est
1551 2251 1746 2301 tteodus
1771 2252 1828 2301 in
1857 2252 2045 2312 rebus,
2084 2261 2206 2303 sunt
2238 2252 2366 2302 certi
2394 2249 2624 2318 denique
2697 2271 2801 2303 nes.

544 2323 618 2380 V.
655 2340 767 2394 91.⁴
816 2320 1079 2373 Precibus
1108 2321 1472 2390 succumbere]
1540 2323 1575 2374 i.
1609 2339 1657 2375 e.
1696 2320 1833 2370 vinci
1863 2321 2170 2394 precibu,
2207 2319 2447 2373 exorari.
2519 2321 2607 2374 Ita
2644 2322 2715 2375 A.
2734 2324 2800 2376 A.
2817 2339 2855 2382 2,

476 2391 592 2450 186.
629 2404 634 2411 '
668 2389 959 2443 Succubuit
992 2391 1193 2440 meritis
1228 2399 1359 2440 trux
1395 2399 1578 2441 tamen
1614 2391 1713 2440 illa
1752 2389 1866 2442 oiri.

536 2461 614 2516 V.
645 2479 727 2534 9²·
804 2459 1055 2530 Oenides}
1114 2459 1151 2515 i.
1196 2479 1247 2514 e.
1283 2461 1616 2530 Meleager,
1672 2457 1853 2512 Oenei
1895 2458 2076 2521 filine,
2129 2460 2289 2527 cujus
2335 2463 2486 2513 uxor
2529 2459 2848 2534 Cleopatra.

460 2530 825 2596 Bistoriam,
864 2528 939 2583 ad
975 2547 1147 2602 quam
1184 2529 1275 2581 hic
1311 2530 1656 2601 respicitur,
1695 2540 1896 2581 narrat
1930 2530 2102 2582 Hom.
2139 2529 2206 2582 Il.
2261 2528 2308 2594 Ι,
2344 2530 2616 2603 525.sqq.

536 2600 614 2652 V.
649 2602 737 2682 94.
805 2596 941 2647 Nati
974 2596 1249 2666 spemque]
1299 2596 1377 2652 sci
1431 2614 1606 2668 quam
1655 2597 1726 2650 de
1776 2594 2126 2669 eiusgindole
2165 2609 2537 2670 conceperat.
2567 2598 2720 2681 JSic
2755 2614 2852 2669 spes

467 2678 755 2722 vocantur
787 2666 899 2737 ipsi
925 2665 1097 2718 libert
1119 2676 1367 2737 propter
1387 2684 1571 2737 spem,
1609 2683 1782 2738 quam
1815 2676 2087 2736 parentes
2117 2664 2190 2720 de
2218 2667 2385 2721 bonis
2411 2667 2610 2721 libens
2635 2668 2854 2721 habent.

467 2736 707 2789 Petron.
745 2737 795 2801 4.
849 2731 983 2804 Spes
1018 2751 1145 2783 suas
1180 2734 1467 2784 ambitioni
1501 2734 1728 2787 donant.
1781 2733 1946 2788 Ovid.
1983 2736 2220 2789 Metam.
2260 2752 2326 2799 2,
2385 2752 2508 2806 719.
2598 2733 2852 2807 Spemque

440 2814 624 2855 'suam
660 2804 821 2853 motis
853 2801 1025 2853 avidis
1062 2802 1410 2863 circunzpolat
1444 2803 1565 2857 alis.
1601 2823 1656 2857 v·
1695 2804 1964 2857 Gronov:
1997 2803 2241 2857 Observ.
2277 2806 2346 2871 3,
2385 2807 2469 2861 23.

537 2870 607 2926 V.
643 2872 726 2945 95.
797 2870 997 2941 Caput]
1030 2872 1063 2925 i.
1104 2889 1152 2928 e.
1191 2864 1373 2925 vitam.
1407 2872 1518 2945 Ep.
1560 2875 1655 2938 12²,
1694 2892 1778 2927 ’10.
1861 2870 2067 2923 Demta
2081 2874 2277 2941 forent
2313 2873 2478 2945 capiti
2513 2868 2684 2943 qua'm
2721 2875 2854 2925 mala

465 2944 639 2993 multa
675 2938 833 2991 meo!
866 2962 921 2995 v.
962 2942 1156 2995 Heius.
1197 2941 1273 2994 ad
1308 2942 1416 3013 Ep.
1454 2958 1547 3007 2ο,
1589 2958 1702 3011 127.

534 3008 741 3061 Positis
791 3008 861 3060 ab
910 3008 1098 3078 armis]
1183 3008 1396 3059 Ponere
1448 3027 1607 3059 arma
1658 3022 1757 3065 est¹
1801 3026 2026 3064 cessare
2082 3028 2115 3063 a
2163 3011 2347 3067 bello.
2401 3012 2530 3065 Am.
2573 3030 2636 3077 2,
2691 3030 2756 3083 9,
2786 3013 2855 3067 35.

460 3078 651 3148 positis
685 3079 864 3127 nudus
902 3076 997 3127 tibi
1028 3078 1295 3158 praebeor
1334 3078 1518 3135 armis.
1543 3078 1664 3135 Liv.
1695 3081 1758 3143 6,
1801 3097 1881 3132 10.
1905 3079 2034 3132 inde
2061 3080 2320 3147 edictum,
2357 3089 2416 3131 ut
2451 3099 2609 3131 arma
2632 3088 2854 3152 ponant,

333 3156 406 3201 X,
458 3146 717 3227 parcique
736 3150 969 3267 ἔμε-3111111
1018 3147 1227 3200 mermi.
1298 3145 1401 3200 ubi
1452 3168 1505 3203 v.
1555 3149 1736 3209 Drak.
1771 3150 1987 3204 Lucan.
2030 3168 2050 3201 1
2071 3187 2089 3215 ‚
2125 3151 2243 3217 450.
2275 3150 2467 3221 positis
2501 3151 2768 3221 repetistis
2799 3149 2853 3199 ab

464 3232 649 3269 arma-⁹.
694 3230 735 3267 u
778 3236 797 3269 1
831 3234 883 3267 v.
952 3226 1011 3267 nt
1098 3251 1111 3263 .
2461 3223 2468 3227 ”

528 3284 604 3339 V.
642 3284 731 3355 96.
801 3282 1009 3350 Rigida
1054 3234 1102 3340 Ii).
1140 3300 1193 3339 e.
1228 3284 1397 3344 dura,
1450 3287 1772 3341 contumaci.
1829 3288 1910 3343 Ut
1943 3287 2246 3337 constantia
2273 3288 2354 3341 ,in
2389 3287 2563 3341 laude
2599 3289 2850 3361 ponitur,

465 3350 551 3406 sic
587 3352 648 3405 in
682 3353 823 3407 vitio
862 3352 1023 3423 rigor.
1061 3359 1115 3406 v.
1154 3354 1263 3425 Ep.
1298 3355 1369 3419 4,
1404 3356 1491 3418 73.

529 3422 605 3477 V.
714 3458 727 3474 .
802 3418 919 3471 Pro
955 3420 1107 3473 nullo
1140 3421 1399 3492 pondere]
1435 3423 1470 3475 ἰ.
1509 3442 1568 3478 e..
1597 3435 1902 3497 tamquam·
1931 3423 2135 3475 nullius
2164 3424 2438 3495 ponderis.
2476 3426 2656 3498 Prop.
2698 3443 2748 3492 1,
2789 3444 2850 3489 10,

462 3506 491 3543 2
532 3528 545 3541 .
676 3509 741 3542 eu
779 3488 878 3540 tibi
905 3508 1008 3560 pro
1048 3508 1185 3542 vano
1226 3491 1387 3542 verba
1421 3492 1656 3573 benigna
1694 3493 1912 3549 cadant.
1947 3493 2067 3548 Liv.
2105 3511 2133 3542 2
2154 3531 2171 3558 ‚
2209 3513 2262 3560 7.
2332 3491 2556 3545 Etrusci
2577 3512 2683 3564 pro
2725 3495 2852 3547 victis

459 3558 655 3616 abiere.
690 3558 776 3616 ld.
816 3559 886 3626 4,
942 3579 993 3626 7.
1026 3578 1128 3629 pro
1149 3558 1383 3629 firmato
1434 3569 1575 3631 stetit
1609 3560 1958 3631 magistratus
1993 3565 2105 3629 ejus
2136 3564 2240 3627 jus.
2276 3582 2331 3615 v.
2367 3562 2568 3617 Heins-
2613 3563 2697 3617 ad
2730 3566 2784 3617 h.
2818 3564 2847 3616 I.

526 3629 601 3681 V.
646 3646 763 3683 100,
834 3624 1143 3677 Dominum
1179 3626 1381 3695 torum]
1428 3629 1461 3682 i.
1499 3646 1549 3684 e.
1600 3630 1932 3681 dominicum
1978 3630 2074 3686 vel
2123 3629 2346 3682 ber-ilem
2383 3641 2598 3685 torum.
2675 3632 2850 3705 Saepe

454 3708 669 3817 poetae
721 3696 1097 3752 substantivis
1150 3716 1257 3769 pro
1308 3698 1608 3766 adiectivis
1678 3709 1941 3754 utuntur.
2021 3701 2130 3772 Ep.
2169 3716 2198 3748 2
2223 3738 2241 3766 ‚
2291 3700 2383 3764 41.
2433 3708 2583 3751 torus
2617 3704 2850 3755 maritus.

508 3782 656 3821 mor.
694 3782 757 3834 2,
808 3770 895 3829 5,-
926 3767 1011 3822 30.
1063 3765 1317 3817 dominas
1350 3786 1564 3824 manus.
1601 3768 1714 3840 Ep.
1766 3786 1859 3832 10,
1908 3787 1991 3839 90.
2032 3786 2228 3819 manus
2273 3785 2442 3817 serva.
2501 3770 2552 3821 A
2599 3769 2681 3823 ud
2720 3771 2852 3826 Stat.

454 3834 915 3961 ἶὴΐδὲόὲὸῗὸὃ.
963 3852 1093 3886 arae
1126 3836 1395 3888 dominae.
1443 3856 1494 3891 v.
1529 3837 1726 3891 Heins.
1780 3835 1855 3890 ad
1889 3838 1948 3891 h.
1990 3839 2056 3903 l.‚
2109 3837 2390 3911 imprimis
2424 3840 2544 3891 Dra
2592 3877 2609 3894 .
2648 3838 2731 3894 ad
2768 3838 2852 3894 Sil.

510 3920 539 3957 8
569 3941 583 3957 ο
834 3944 848 3959 .
1929 3922 1932 3929 ’

520 3973 599 4027 V.
638 3944 749 4027 101.
803 3953 1071 4042 ‘Memim'j
1140 3976 1270 4029 Hoc
1296 3972 1542 4028 verbum
1573 3992 1749 4047 saepe
1783 3974 1856 4029 ab
1884 3974 2320 4030 adfirmantibus
2350 3992 2459 4045 per
2485 3977 2852 4057 parenthesin

450 4040 816 4109 interficitur.
855 4040 962 4113 Ep.
1000 4044 1053 4106 5,
1085 4043 1165 4099 25.
1236 4040 1488 4113 Populus
1514 4053 1592 4095 est
1627 4044 1900 4111 (memini)
1942 4043 2163 4113 fluviali
2211 4044 2422 4095 consita
2458 4062 2600 4115 ripa.
2641 4046 2853 4101 Contra

450 4125 494 4189 a.
535 4108 935 4189 dubitantibus
987 4110 1281 4166 inser-itura
1350 4109 1417 4163 Si
1444 4112 1680 4165 memini·
1717 4115 1920 4171 Amor.
1945 4116 1999 4177 3,
2042 4133 2088 4178 1,
2124 4113 2211 4170 33.
2281 4112 2474 4164 Altera
2513 4114 2588 4182 (si
2617 4115 2850 4179 memim)

451 4179 597 4228 limis
632 4179 848 4232 subrisit
884 4179 1085 4232 ocellis.

520 4246 597 4327 V.
641 4252 754 4305 103.
824 4246 976 4299 Male
1028 4248 1189 4318 tecta]
1240 4250 1278 4301 i.
1338 4267 1388 4304 e.
1426 4268 1538 4318 non
1585 4251 1718 4301 satis
1754 4262 1945 4318 tecta,
1999 4251 2096 4301 vix
2129 4252 2384 4323 sepulta.
2421 4251 2490 4305 A.
2526 4252 2598 4309 A.
2645 4274 2668 4307 1
2693 4293 2710 4320 ‚
2749 4255 2851 4309 660.

450 4332 623 4395 macie
670 4334 809 4387 quae
854 4319 999 4369 neale
1052 4318 1171 4368 viva
1207 4336 1307 4369 sua
1345 4327 1439 4370 est.
1479 4320 1642 4373 Flor.
1679 4320 1744 4386 3,
1798 4318 1876 4374 21.
1913 4322 2056 4371 male
2092 4321 2345 4371 obrutum
2380 4321 2694 4373 incendium
2715 4320 2848 4373 ‘revi-

448 4392 613 4438 vasen.
664 4388 752 4439 Dc
802 4386 913 4438 hac
960 4387 1214 4460 eleganti
1264 4387 1319 4445 vi
1371 4388 1530 4444 vocis
1585 4391 1728 4453 male
1785 4410 1833 4447 v.
1885 4389 2150 4445 Freinsh.
2203 4390 2322 4445 ind.
2361 4390 2523 4445 Flor.
2565 4402 2628 4447 et
2665 4392 2847 4446 Heins-

448 4451 523 4507 ad
562 4453 669 4513 Ov.
705 4455 865 4509 Fast.
904 4471 966 4521 2,
1008 4474 1121 4529 ¹70·
2041 4480 2046 4487 ·
