2909 5050
2157 213 2191 225 Ι-

495 242 601 308 30
1383 240 1452 293 1).
1489 230 1924 293 R.·'DICTATA

490 397 726 466 defessus
760 389 1027 449 audiendo
1066 395 1162 438 aut
1195 385 1555 438 admiratione
1591 386 1885 462 integratur
1920 397 2016 439 aut
2050 389 2157 438 risu
2193 399 2439 446 novatur.
2510 391 2783 446 Sicbene
2820 411 2879 445 ex

489 469 626 522 Mss.
674 462 930 518 restituit
977 459 1226 512 Ernest.
1276 455 1481 510 Valer.
1530 456 1723 516 Flacc.
1770 461 1840 524 3,
1889 458 2010 524 423.
2087 456 2333 529 Vivaque
2383 461 2606 512 nitentia
2655 461 2879 531 lympha

489 533 950 588 Membraamvat.
989 547 1036 582 v.
1073 525 1271 580 HeinS.
1309 524 1378 582 ad
1417 524 1475 578 h.
1514 526 1555 578 l.

557 607 631 660 V.
666 619 752 674 91.
819 597 996 649 Arcus
1031 593 1150 662 etex]
1218 596 1348 647 Hoc
1383 594 1759 667 proverbium
1796 595 1877 649 ita
1914 594 2121 649 extulit
2152 595 2399 652 Phaedr.
2416 599 2469 660 3,
2514 602 2593 666 14,
2640 617 2729 652 10.
2772 597 2878 648 Cito

487 689 712 741 rumpes,
737 687 960 728 arcum,
1007 681 1211 733 semper
1245 663 1292 714 si
1325 671 1530 713 tensum
1565 663 1818 714 habueris
1830 686 1847 726 ;
1899 664 1978 715 At
2021 664 2068 714 si
2101 664 2346 727 laxaris,
2394 685 2515 718 cum
2554 669 2739 724 voles,
2796 667 2882 716 erit

547 742 654 792 ilis.
1744 736 1775 746 ”

486 753 766 871 mMollae‘s]
836 806 892 860 h.
943 804 983 856 l.
1024 800 1094 856 de
1131 817 1311 854 nervo
1349 789 1728 884 capiendum,
1757 814 1824 856 ut
1854 819 1883 854 a
1932 800 2011 854 ud
2034 799 2279 857 Phaedr.
2301 820 2542 875 rumpere
2574 803 2649 858 de
2677 821 2882 858 cornu.

553 880 752 946 5⁷:94.
827 868 1115 944 Cephalus]
1184 871 1465 939 Mercurii
1504 882 1557 924 et
1596 872 1808 924 Herses
1855 873 1894 924 fi
1923 870 2041 935 ius,
2079 872 2272 938 ·eujus
2311 891 2509 927 amore
2562 885 2748 946 capta
2804 886 2882 927 est

485 951 741 1004 Aurora.
794 965 844 996 v.
881 939 1158 1013 Apollod.
1197 939 1249 1001 3,
1288 957 1290 960 ’
1355 971 1357 974 <
1408 941 1461 995 3.
1540 941 1645 993 Ov.
1685 927 1915 994 Metam.
1956 959 2007 1004 7.
2043 957 2171 1006 700.
2212 952 2271 995 et
2306 941 2597 997 Meziriac.
2636 940 2722 995 ad
2760 941 2816 996 h.
2850 944 2882 994 l.

554 1018 627 1071 V,
737 1053 749 1066 .
823 1007 1201 1073 Conciderant]
1329 1015 1458 1061 etus
1480 1007 1610 1062 cod.
1645 1007 1824 1062 habet
1857 1007 2186 1073 deciderant,
2228 1009 2392 1084 quod
2428 1009 2676 1064 verbum
2767 1027 2881 1064 rae·

484 1087 651 1142 feren
699 1101 826 1146 um,
859 1090 925 1132 ut
963 1075 1296 1150 exquisitius
1339 1077 1545 1130 altero.
1576 1078 1794 1144 Hor.4.
1830 1078 2019 1132 Carm.
2057 1094 2113 1195 ’ζί
2156 1076 2391 1143 14.”Νο.ς
2426 1079 2521 1128 ubi
2553 1080 2678 1130 deci
2722 1099 2879 1134 amas.

485 1153 612 1274 guo
645 1147 1066 1220 patewAeneas.
1140 1144 1223 1196 ld.
1263 1162 1309 1198 2.
1378 1147 1490 1218 Ep.
1537 1165 1585 1210 1,
1622 1147 1708 1201 36.
1784 1143 2025 1216 Scriptor
2110 1145 2268 1198 bhinc
2304 1166 2478 1198 annos
2520 1158 2745 1198 centum
2796 1149 2881 1218 qui

525 1221 695 1275 ecidit.
762 1239 812 1272 v.
852 1219 1049 1270 Burm.
1090 1213 1165 1269 ad
1197 1213 1250 1266 h.
1287 1212 1324 1269 l.
1363 1227 1422 1269 et
1460 1213 1534 1268 ad
1569 1213 1769 1268 Claud.
1812 1215 1881 1268 de
1917 1215 2053 1269 bell.
2094 1213 2243 1269 Gild.
2282 1219 2368 1284 44.

550 1293 623 1346 V.
662 1291 744 1358 96.
784 1283 1034 1355 Sapiens]
1103 1284 1372 1337 Vocatur
1420 1283 1691 1348 Aurora,
1747 1284 1905 1356 quod
1941 1283 2203 1348 sciebat„
2254 1303 2321 1338 ex
2358 1283 2609 1339 ardentis
2646 1287 2883 1354 juvenis

485 1358 800 1416 concubitu
837 1355 1116 1422 majorem
1154 1352 1522 1423 voluptatem
1558 1352 1705 1424 capi,
1744 1371 1915 1425 quam
1956 1371 2025 1408 ex
2059 1351 2254 1424 frigidi
2290 1354 2439 1406 senis
2477 1356 2741 1408 Tithoni.
2780 1357 2879 1428 Ep.

489 1448 570 1497 17,
611 1429 726 1492 275.
779 1433 972 1490 utetur,
1010 1421 1056 1473 si
1129 1440 1199 1470 ua
1230 1423 1418 1490 puella
1453 1421 1609 1490 sapit.
1676 1423 1909 1474 Metam.
1935 1441 2017 1489 ιο,
2056 1423 2179 1476 622.
2220 1430 2271 1472 et
2306 1423 2485 1493 optari
2513 1431 2674 1494 potes
2730 1442 2768 1472 a
2804 1443 2881 1474 sa-

479 1500 656 1572 piente
688 1495 892 1566 puella.
999 1441 1154 1544 Aliifi
1181 1489 1312 1543 talis
1341 1491 1544 1562 puella
1573 1507 1683 1562 per
1710 1503 2008 1546 venustam
2046 1489 2256 1546 litoten
2291 1510 2401 1542 non
2436 1493 2600 1542 stulta
2639 1491 2881 1548 dicitur.

482 1590 535 1624 ν.
573 1569 768 1619 Burin.
805 1560 878 1614 ad
911 1561 964 1612 h·
1000 1560 1042 1613 l.
1078 1608 1084 1624 ,
1375 1563 1380 1574 '
2256 1591 2270 1598 -

550 1638 625 1690 V,
660 1651 745 1705 97.
822 1630 1123 1702 Cinyraque
1171 1626 1432 1697 creatam]
1503 1628 1559 1680 11.
1610 1645 1660 1684 e.
1710 1628 1973 1695 Adonin,
2011 1629 2291 1700 Cinyrae,
2364 1627 2539 1702 Cypri
2598 1630 2767 1702 regis
2828 1644 2882 1686 et

481 1705 750 1768 qurhae
799 1699 991 1763 filiae,
1044 1715 1217 1769 quam
1251 1715 1363 1767 per
1393 1697 1674 1750 incestum
1714 1709 2103 1772 cognoverat,
2142 1697 2344 1751 filium.
2396 1719 2451 1753 v.
2493 1701 2599 1755 Ov.
2636 1703 2880 1756 Metam.

487 1764 566 1833 ω’,
607 1776 724 1844 298.
763 1781 819 1824 et
854 1767 1146 1820 Meziriac.
1185 1763 1259 1819 ad
1293 1765 1349 1818 11.
1388 1765 1429 1818 l.

433 1889 438 1894 ,
552 1844 626 1904 V,
661 1841 744 1912 98.
814 1835 1057 1900 Positos]
1129 1834 1166 1885 i.
1207 1852 1258 1887 e.
1295 1834 1588 1901 jacentes,
1623 1835 1777 1888 humi
1816 1835 2287 1909 procumbentes.
2328 1835 2473 1891 Met.
2500 1836 2585 1904 13,
2618 1837 2753 1894 638.
2785 1855 2880 1907 ρο·

481 1911 568 1964 siti
607 1927 672 1960 ue
709 1917 762 1958 ta
805 1905 971 1956 etibus
1005 1903 1145 1954 altis.
1180 1922 1235 1956 v.
1274 1903 1472 1958 Burm.
1508 1903 1579 1956 ad
1617 1905 1741 1958 Art.
1778 1908 1905 1960 Am.
1946 1924 1995 1968 ι,
2038 1906 2153 1960 230.

606 1925 836 2028 uaelicet
869 1971 1058 2037 herba]
1130 1970 1166 2024 i.
1203 1989 1254 2025 e.
1294 1972 1487 2038 obvia,
1523 1971 1670 2026 vilis.
1724 1976 1850 2030 Art.
1886 1974 2014 2028 Am.
2060 1992 2105 2039 1,
2163 1973 2275 2029 108.
2350 1971 2608 2042 Qualibet
2640 1973 2881 2026 hirsutas

461 2047 671 2120 fronde
709 2051 906 2116 tegente
943 2059 1148 2092 comas.
1189 2040 1290 2094 ubi
1323 2041 1500 2114 plura
1535 2043 1731 2098 Burm.

553 2118 620 2172 V,
660 2134 744 2188 99,
813 2108 967 2162 Arsit
1001 2112 1120 2174 eta]
1190 2109 1398 2160 Ardere
1446 2111 1541 2165 vel
1586 2112 1672 2160 uri
1720 2112 1775 2160 in
1824 2111 2129 2179 Atalanta,
2182 2110 2603 2183 elegantissime
2656 2111 2879 2165 dicitur

480 2205 592 2260 pro
614 2185 941 2239 Atalantam
960 2179 1331 2241 vehementer
1345 2196 1556 2234 amare.
1630 2181 1758 2235 Am.
1794 2200 1839 2244 1,
1876 2199 1928 2252 9,
1965 2182 2049 2236 33.
2121 2180 2341 2230 Arsitin
2365 2180 2599 2230 abducta
2618 2179 2877 2230 Briseide

481 2254 640 2306 tristis
675 2250 934 2306 Achilles,
1002 2249 1142 2302 Met.
1156 2264 1209 2314 7,
1248 2265 1332 2301 22.
1375 2243 1525 2314 Quid
1558 2248 1612 2296 in
1648 2249 1872 2317 hospite,
1910 2249 2057 2320 regia
2097 2248 2273 2319 virgo,
2322 2247 2543 2307 Ureris?
2577 2270 2630 2302 v.
2676 2251 2875 2306 Bentl.

481 2323 557 2376 ad
591 2324 734 2375 Hor.
776 2339 818 2372 1.
861 2317 1045 2370 Serm.
1069 2333 1121 2381 e,
1157 2317 1244 2381 48.
1285 2328 1344 2370 et
1376 2316 1674 2373 Drakenb.
1710 2317 1785 2370 ad
1820 2318 1938 2371 Liv.
1978 2319 2066 2382 30,
2102 2320 2155 2373 3.
2226 2318 2451 2371 Eodem
2489 2335 2664 2370 sensu
2703 2319 2877 2372 etiam

483 2392 691 2447 dicitur
729 2387 914 2440 ardere
951 2385 1205 2454 aliquem.
1275 2385 1440 2456 Virg.
1493 2387 1617 2441 Ecl.
1658 2403 1710 2449 2,
1764 2405 1785 2437 1
1867 2411 1869 2414 >
1974 2404 2186 2436 mosum
2230 2397 2451 2456 pastorx
2469 2387 2574 2438 Cor
2611 2386 2729 2435 don
2789 2406 2877 2437 ar-

451 2461 644 2515 -debat
677 2455 906 2510 Alexin.
979 2453 1120 2508 Item
1171 2453 1356 2504 ardere
1403 2454 1609 2524 aliquo,
1684 2454 1787 2510 Sil.
1998 2461 2053 2522 5,
2096 2455 2178 2509 15.
2231 2455 2290 2505 V
2288 2472 2436 2506 eram
2472 2404 2669 2506 ιιι-ἄξας
2700 2443 2883 2533 pueffl

481 2540 790 2599 castumque
827 2532 994 2575 exuta
1025 2523 1306 2593 pudorem.
1343 2523 1443 2575 ubi
1481 2547 1535 2578 v.
1575 2526 1869 2579 Drakenb.

430 2600 434 2607 ’
551 2596 805 2660 Oenides]
880 2604 966 2661 est
1004 2592 1319 2662 Meleager,
1357 2591 1426 2644 de
1463 2612 1582 2665 quo
1621 2612 1673 2649 v,
1708 2604 1929 2651 notata,
1952 2592 2024 2645 ad
2058 2594 2166 2665 Ep.
2203 2594 2259 2659 3,
2297 2612 2381 2666 92.

547 2667 816 2719 Atalanta
852 2659 1157 2725 Maenalia]
1208 2660 1418 2713 dieitur
1453 2679 1486 2714 a
1524 2662 1816 2726 Maenalo‚
1868 2660 2149 2715 Arcadiae
2200 2673 2417 2718 monte.
2468 2683 2519 2715 v,
2570 2663 2875 2720 Meziriac.

449 2736 555 2801 ,ad
588 2737 644 2788 11.
685 2736 724 2789 l.
795 2734 862 2784 In
899 2726 1178 2779 Maenalia
1215 2727 1485 2778 Atalanta
1520 2730 1835 2803 negligitur
1864 2728 2254 2802 synaloephe,
2310 2742 2367 2785 et
2400 2728 2601 2786 ultima
2640 2734 2880 2805 syllaba

475 2814 738 2859 remanet
774 2802 874 2856 lon
918 2815 979 2864 a,
1018 2797 1178 2870 quod
1215 2798 1278 2849 fit
1314 2808 1446 2851 ante
1487 2816 1696 2851 nomen
1734 2800 2034 2871 proprium
2074 2811 2133 2853 et
2169 2799 2227 2853 in
2263 2816 2502 2854 caesura
2540 2802 2648 2874 Ep.
2689 2822 2749 2875 9,
2788 2776 2880 2867 87.‘

478 2872 707 2944 cupressi
733 2888 821 2921 ero
906 2866 1204 2936 'rymantho
1257 2876 1312 2919 et
1350 2888 1402 2920 v.
1446 2868 1559 2923 181.
1626 2868 1788 2936 pulsa
1824 2868 2075 2918 Aetolide
2111 2866 2401 2925 Deianira,
2487 2872 2710 2924 Verum
2773 2872 2879 2926 uhi

474 2943 637 2997 nulla
693 2949 778 2995 est
827 2953 1095 3001 caesura,
1167 2933 1390 3006 syllaba
1435 2954 1553 2989 non
1608 2934 1750 2989 elisa
1796 2936 1861 2991 fit
1907 2936 2135 3000 breviS‚
2206 2948 2271 2991 ut
2306 2955 2399 3009 ap.
2432 2939 2592 3011 Virg.
2632 2942 2792 2996 Geo,
2833 2959 2875 2994 2.

467 3012 671 3081 flerunt
703 3007 1062 3089 Rhodopeiae
1099 3022 1266 3068 arces,
1305 3016 1363 3058 et
1399 3023 1493 3077 ap.
1534 3003 1703 3058 eund.
1740 3004 1965 3055 Insulae
2001 3004 2163 3055 Ionio
2199 3006 2255 3055 in
2291 3026 2511 3077 magno.
2551 3028 2603 3061 v.
2637 3004 2878 3067 Manu&

479 3080 550 3136 ad
587 3078 700 3135 Cic.
739 3076 812 3132 ad
850 3080 972 3129 Div.
1008 3091 1063 3142 7,
1117 3074 1168 3129 6.
1205 3084 1262 3126 et
1296 3075 1465 3128 Voss.
1520 3072 1589 3127 de
1644 3084 1752 3126 art.
1792 3074 2044 3127 Gramm.
2088 3092 2155 3139 2,
2213 3078 2290 3143 14.
2396 3075 2488 3129 Ab
2536 3076 2651 3130 hoc
2701 3071 2878 3133 hiatu}

476 3148 586 3203 sibi
623 3155 899 3202 caverunt
934 3160 1147 3198 aureae
1175 3142 1376 3196 aetatis
1402 3155 1635 3215 poetae,
1670 3143 2026 3197 recentiores
2054 3143 2413 3197 Christianae
2448 3148 2707 3215 poeseos
2733 3166 2875 3201 con-

475 3218 698 3277 ditores
732 3234 849 3267 non
883 3213 1040 3266 item.
1614 3264 1625 3271 ,
2175 3216 2181 3221 “

539 3288 614 3341 V.
658 3303 770 3339 100.
841 3280 1015 3333 Ferae
1051 3278 1306 3349 spolium]
1379 3280 1475 3334 Sic
1521 3292 1695 3335 vocat
1731 3292 1908 3352 caput
1955 3280 2080 3352 apri
2120 3278 2455 3350 Calydonii,
2527 3298 2703 3352 quem
2746 3286 2876 3340 Mes

473 3358 568 3413 lea
609 3373 674 3409 er
710 3351 1100 3406 interfecerat.
1185 3349 1469 3402 Fabulam
1506 3350 1597 3403 vel
1632 3350 1929 3404 historiam
1964 3360 2162 3401 narrat
2199 3350 2334 3402 Met·
2370 3351 2423 3416 8,
2464 3366 2581 3419 270.
2874 3346 2876 3363 “

541 3372 616 3480 θ,
656 3424 768 3477 103.
843 3418 1160 3481 Salebrosa]
1231 3418 1263 3469 i.
1303 3436 1351 3471 c.
1392 3435 1618 3490 aspera.
1656 3437 1707 3471 v.
1748 3418 1940 3471 Heius.
1980 3416 2051 3471 ad
2088 3418 2145 3471 h.
2184 3417 2219 3469 l.

544 3491 858 3555 Mooebunt]
929 3488 984 3543 h.
1021 3504 1071 3540 e.
1150 3487 1444 3550 ercellent.
1516 3487 1635 3545 Liv,
1670 3488 1722 3551 6,
1757 3488 1809 3541 8.
1848 3503 1945 3537 nec
1981 3485 2056 3535 vis
2090 3494 2299 3535 tantam
2336 3486 2570 3537 militam
2602 3489 2873 3561 movebat

481 3563 726 3613 Volscos.
763 3558 866 3611 ubi
899 3576 954 3610 v,
989 3556 1108 3608 Dra
1129 3554 1283 3607 101111.
1886 3606 1893 3613 ,

543 3632 613 3685 V.
655 3630 767 3692 104.
842 3625 970 3677 0in
1006 3642 1075 3671 ao
1113 3622 1264 3673 dente
1345 3623 1452 3698 *Sic
1490 3626 1629 3679 Hor·
1680 3626 1730 3680 3.
1782 3623 1966 3677 Carm.
2005 3614 2098 3687 ee,
2149 3643 2200 3691 7.
2252 3622 2408 3677 verri
2463 3624 2671 3707 tribuit
2725 3627 2867 3677 obli·

474 3718 639 3771 quum
675 3698 854 3757 ictum.
896 3714 944 3747 v.
1031 3710 1176 3745 urm.
1214 3710 1243 3743 a
1323 3693 1483 3765 Virg.
1520 3694 1639 3747 Ecl.
1677 3696 1731 3759 3,
1768 3694 1817 3745 8.
2873 3750 2874 3753 ¹

539 3769 614 3823 V.
656 3770 768 3821 105.
839 3762 1112 3826 Isthmon]
1182 3762 1312 3815 Non
1332 3762 1581 3816 Isthmos
1602 3759 2448 3833 Corinthiacusintelligendus,
2486 3761 2865 3819 sedIsthmos

475 3833 823 3891 Chersonesi
859 3830 932 3885 ad
971 3829 1256 3885 orientem
1293 3831 1703 3903 Peloponnesi.
1741 3832 1803 3883 In
1853 3831 1960 3883 hae
2000 3830 2366 3885 Chersoneso
2351 3830 2515 3899 jsita'
2549 3833 2863 3888 Troezene

471 3905 767 3977 utrimque
801 3899 1084 3953 fluctibus
1119 3899 1292 3952 maris
1328 3898 1668 3953 feriebatur.
1708 3920 1758 3953 v·
1797 3902 1995 3953 Burm.
2034 3896 2108 3950 ad
2142 3900 2195 3950 h.
2233 3897 2274 3953 l.
2344 3901 2350 3907 ‘
2402 3894 2411 3915 '

537 3976 614 4028 V.
661 3992 770 4040 ¹⁰7·
843 3969 1060 4032 Gelam]
1130 3970 1256 4023 Non
1298 3968 1749 4021 solum'incolere
1788 3969 1973 4018 arbem
2012 3966 2107 4020 vel
2140 3966 2411 4037 regionem
2448 3966 2700 4035 dieitur,
2758 3971 2863 4023 sed

472 4052 530 4095 et
567 4045 753 4094 colere.
825 4040 1063 4093 Metam.
1105 4038 1188 4102 15,
1242 4038 1357 4104 642.
1467 4035 1649 4106 Quam
1702 4039 1875 4097 colat,
1928 4036 2255 4107 explorant,
2298 4036 2513 4105 juvenis
2548 4035 2863 4090 Phoebeius

467 4110 672 4166 urbem.
707 4129 756 4161 v.
791 4106 1084 4161 Drakenb.
1120 4108 1194 4159 ad
1226 4106 1344 4159 Liv.
1378 4108 1434 4172 8,
1480 4106 1557 4160 16.

541 4176 782 4229 Pittheia
817 4178 1006 4247 regna]
1076 4175 1272 4229 Vocat
1305 4176 1695 4241 Troezenem,
1747 4172 1907 4247 quod
1942 4173 2023 4227 ibi
2058 4166 2299 4245 regnum
2348 4174 2537 4230 tenuit
2568 4174 2858 4243 Pittheus,

468 4247 707 4317 Pelopis
741 4246 929 4309 filius,
991 4243 1294 4314 Hippolyti
1342 4244 1558 4298 abavus
1608 4255 1923 4297 maternus.
2027 4242 2169 4296 Nam
2207 4242 2470 4297 Pittheus
2518 4241 2858 4317 procreavit

469 4315 784 4379 Aethram,
822 4330 973 4385 quae
1023 4310 1218 4383 Aegeo
1269 4323 1452 4384 nupta
1502 4312 1728 4383 peperit
1763 4314 2087 4375 Theseum,
2151 4311 2449 4383 Hippolyti
2500 4327 2746 4386 patrem.
2803 4336 2870 4381 v.¹

466 4388 620 4441 Plut.
657 4382 826 4435 Thes.
909 4418 923 4432 .
963 4398 1012 4432 2.
1049 4381 1219 4431 Paus.
1266 4397 1328 4442 2,
1373 4382 1459 4435 30.
1529 4382 1791 4435 Theseus
1840 4391 2032 4433 autem
2080 4388 2218 4450 post
2268 4379 2511 4435 alterum
2560 4382 2870 4437 matritum

469 4455 628 4510 nium
664 4468 791 4503 cum
828 4450 872 4501 P
915 4447 1088 4503 aedra
1135 4446 1341 4502 initum
1375 4450 1757 4521 Hippolytum
1796 4451 2133 4503 Troezenen
2184 4448 2519 4533 ablegaret,
2588 4463 2655 4506 ut
2692 4452 2857 4524 apud

468 4523 724 4579 Aethrae
757 4517 975 4571 fratres
1010 4515 1368 4571 educaretur.
1406 4539 1459 4573 v.
1493 4520 1666 4573 Diod.
1704 4518 1817 4573 Sic.
1851 4520 1903 4585 4.
1940 4534 1996 4589 p.
2032 4518 2135 4574 306
2172 4529 2231 4573 et
2264 4516 2345 4574 ibi
2380 4518 2727 4593 Wesseling.
