2909 5050
378 233 388 240 ’
442 197 549 276 92
1350 217 1425 269 D.
1461 213 1531 268 R.
1567 209 1906 268 mcum

507 367 579 424 V.
610 384 693 438 27.
761 365 1059 419 Attulimus
1076 362 1363 448 flammas]
1432 365 1472 422 i.
1501 381 1550 419 e.
1569 358 1790 418 dudum
1825 378 2025 418 amore
2045 362 2130 418 tui
2160 369 2367 436 captus
2395 360 2504 425 fui,
2531 377 2653 414 non
2685 377 2844 414 nunc

442 435 671 491 demum
700 453 893 490 amare
926 452 1117 506 coepi.
1676 453 1681 456 ⁴

508 507 584 562 V.
626 506 711 572 34.
783 502 1082 571 Divitior-a]
1142 501 1608 575 ‘comparativus
1662 500 1880 552 divitior
1930 512 1989 555 ot
2037 499 2428 571 superlativus
2494 497 2847 548 dlvitissimus

441 574 677 648 optimis
705 571 1089 645 scriptoribus
1124 572 1387 628 usitatus.
1455 589 1510 628 V.
1544 571 1658 626 Cic.
1689 570 1762 624 de
1796 571 1958 624 Orat.
1987 570 2043 632 3,
2077 570 2164 635 48.
2202 580 2261 624 et
2285 571 2435 640 Nep.
2469 567 2660 620 Alcib.
2696 583 2747 621 2.

511 646 583 698 V.
606 644 695 702 35.
768 639 932 692 Lecto
964 639 1189 710 pepigit]
1258 641 1290 694 i.
1320 657 1372 694 e.
1400 639 1459 692 in
1480 640 1907 693 matrimonium
1937 637 2204 710 promisit
2235 637 2344 691 sub
2369 637 2732 700 conditione,
2779 646 2850 689 ut

442 712 527 766 illi
554 712 614 766 in
646 709 871 764 formae
899 708 1111 778 judicio
1181 708 1352 764 rimas
1380 706 1598 763 darem.
1669 711 1716 762 Ε
1767 747 1780 762 .
1810 725 1894 773 20,
1941 709 2056 774 157.
2125 702 2284 762 Haec.
2319 706 2493 772 mihi,
2532 723 2588 756 se
2628 703 2840 777 pepigit

439 785 528 836 De
554 778 982 843 constructione
1020 793 1123 829 ver
1168 778 1182 828 i
1220 795 1349 831 cum
1382 776 1578 832 dativo
1615 797 1668 833 V.
1703 831 1709 836 ,
1751 776 1886 830 entl.
1916 774 1990 830 ad
2016 777 2162 830 Hor.
2187 791 2236 830 α.
2267 775 2378 847 Ep.
2417 791 2468 841 2,
2495 775 2584 844 87.
2745 807 2752 812 -

508 851 587 905 V.
618 851 703 917 39.
777 844 891 896 Nec
917 853 1102 896 tamen
1137 853 1215 898 esi
1240 843 1462 914 mirum]
1531 845 1830 899 Distichon
1859 845 2114 916 ineptum
2145 853 2202 896 et
2232 843 2323 896 vix
2360 843 2604 896 latinum
2625 881 2644 908 ‚
2727 840 2852 895 uod

440 918 626 974 miror
648 913 946 972 Heinsium
965 952 982 980 ‚
1016 915 1180 982 cujus
1204 914 1263 968 in
1290 915 1504 988 spuriis
1534 912 1848 969 odorandis
1877 915 2023 968 mira
2055 923 2146 968 est
2175 911 2474 984 sagacitati,
2509 929 2680 965 emen
2725 928 2850 974 arc,

440 1005 620 1061 quam
654 986 899 1055 ejicere,
932 982 1215 1040 maluisse.
2423 1015 2426 1020 .
2817 1037 2832 1044 ‚

514 1057 586 1110 V.
616 1057 703 1122 41.
756 1048 870 1102 -Sic
900 1051 1111 1123 placuit
1116 1051 1285 1122 sutis]
1318 1055 1653 1127 'Frequens
1705 1048 1863 1124 apud
1893 1061 2118 1104 veteres
2155 1047 2448 1111 formula,
2529 1066 2638 1110 ua,
2687 1047 2854 1122 quod

442 1135 720 1178 'excusare
747 1121 841 1175 vel
868 1138 989 1174 non
1014 1132 1318 1192 poterant,
1359 1122 1452 1176 vel
1480 1121 1781 1187 nolebant,
1823 1119 1929 1174 fati
1951 1119 2278 1172 necessitati
2315 1117 2501 1172 adseri
2549 1117 2753 1172 ebant.
2793 1137 2850 1170 v.

442 1191 687 1248 Phaedr.
717 1194 768 1258 4,
798 1209 849 1254 ⁴7,
883 1191 961 1245 13.
998 1199 1055 1242 et
1084 1191 1163 1243 ibi
1193 1191 1422 1272 Burmq
1499 1258 1504 1264 ¹

440 1294 445 1300 -
510 1263 586 1317 V.
608 1263 695 1326 42.
785 1258 933 1310 Vera
946 1257 1071 1328 fide
1096 1259 1189 1314 vel
1231 1277 1351 1310 cum
1379 1276 1502 1310 vera
1533 1257 1650 1326 fide
1693 1275 1761 1310 ex
1799 1256 2054 1311 formula
2100 1255 2334 1320 dicitur,
2373 1266 2442 1309 ut
2485 1271 2581 1328 ap.
2608 1255 2734 1307 Liv.
2758 1259 2853 1321 40,

445 1331 530 1398 34,
565 1329 771 1380 sincera
791 1326 933 1398 fide.
962 1329 1202 1384 „Petr0n.
1238 1345 1349 1381 101.
1389 1346 1443 1378 se
1485 1336 1656 1378 mente
1685 1325 2081 1396 simplicissima
2111 1333 2161 1376 et
2185 1341 2308 1374 cera
2383 1323 2449 1374 de
2478 1325 2534 1372 in
2563 1324 2854 1394 navigium

446 1398 664 1450 comites
693 1395 992 1450 induxisse.
1063 1397 1167 1450 Vis
1196 1397 1596 1470 exemplorum
1623 1405 1711 1449 est
1752 1411 1844 1465 ap.
1885 1393 2078 1448 Heins-
2113 1392 2188 1447 ad
2219 1412 2273 1449 v.
2373 1434 2388 1449 .
2437 1393 2540 1446 ubi
2569 1410 2688 1465 pro
2724 1410 2855 1443 veru

432 1467 584 1538 fides
621 1465 729 1518 veri
738 1463 890 1535 fides
919 1465 1150 1519 dicitur.
2041 1511 2045 1516 .

516 1539 591 1591 V.
611 1538 695 1603 44.
730 1533 890 1584 Justo
916 1532 1179 1605 pondere]
1217 1534 1256 1586 i.
1288 1551 1338 1588 e.
1366 1533 1645 1606 legitimo,
1674 1532 1876 1604 pleno,
1916 1531 2077 1605 quod
2109 1530 2305 1586 omnia
2330 1530 2616 1603 requisita
2647 1531 2851 1585 habet.

445 1607 611 1660 Hanc
642 1603 1111 1676 significationem
1142 1620 1318 1674 supra
1348 1601 1778 1658 illustravimus.

516 1675 688 1739 V.45.
732 1671 846 1722 Illa
871 1671 974 1722 sibi
1000 1670 1289 1741 ingentem]
1325 1671 1567 1725 Hecuba
1601 1688 1710 1742 per
1735 1669 1987 1742 quietem
2028 1669 2138 1722 sibi
2167 1669 2286 1722 visa
2314 1678 2400 1720 est
2431 1666 2608 1721 edere
2635 1666 2856 1732 facem,

448 1743 613 1811 cujus
641 1743 657 1794 i
696 1739 865 1793 nibus
896 1739 995 1794 Ida
1024 1750 1081 1793 et
1120 1742 1302 1793 omnis
1341 1741 1538 1794 civitas
1571 1738 1752 1792 confla
1795 1749 1971 1792 raret.
2052 1739 2216 1792 Metu
2245 1737 2550 1807 perculsus
2581 1735 2858 1788 Priamus

444 1827 570 1865 rem
601 1828 666 1864 re
699 1819 789 1862 ert
830 1808 906 1862 ad
948 1809 1339 1876 conjectores,
1398 1809 1497 1883 qui
1534 1756 1992 1878 responfferunt,
2043 1825 2326 1877 puerum,
2377 1807 2509 1878 qui'
2559 1805 2744 1858 ri'mus
2796 1805 2859 1856 in

448 1879 636 1934 lucem
670 1876 1109 1999 edituss·fui⁸{3et'
1162 1878 1395 2002 egitham
1437 1889 1497 1951 et
1533 1886 1755 1948 pestem
1789 1877 2006 1945 Troiae
2043 1876 2325 1930 futurum.
2384 1895 2439 1928 v.
2484 1824 2648 1946 ἅτε.
2703 1873 2854 1927 Aen.

453 1965 515 2001 ιο
668 1985 682 2000 .
728 1956 785 1998 et
877 1955 971 1998 iet.
1048 1957 1157 2000 ret.
1277 1965 1305 1999 2
1346 1987 1359 2002 .
2240 1984 2247 1990 .

517 1949 703 2071 ’ἶ77οέι
755 2011 814 2064 F
811 2031 965 2064 orma
998 1984 1251 2084 vigor-qu}
1280 2013 1474 2082 animi]
1523 2013 1620 2068 Sic
1627 2014 1830 2079 forma
1864 2023 1922 2067 et
1951 2011 2101 2082 vigor
2127 2012 2298 2074 animi
2331 2012 2502 2067 etiam
2529 2013 2859 2085 junguntur

448 2102 481 2138 a
511 2084 666 2138 Vell.
698 2083 820 2138 Pat.
850 2101 937 2152 2„
961 2086 1048 2149 41.
1098 2083 1299 2152 forma
1348 2083 1593 2134 omnium
1641 2082 1837 2133 civium
1887 2081 2400 2148 excellentissimus-3
2453 2082 2630 2152 vigore
2676 2080 2859 2130 aniam*

448 2153 757 2208 acerrimus.
793 2171 839 2204 v.
877 2153 1060 2205 Drak.
1112 2151 1183 2204 ad
1225 2152 1346 2205 Liv.
1375 2172 1429 2220 7,
1483 2154 1537 2207 5.
1633 2151 1943 2220 Caeterum
1986 2149 2246 2223 Scaliger
2289 2150 2380 2203 hic
2425 2150 2630 2205 deesse
2679 2160 2862 2220 putat

447 2239 683 2285 versus,
737 2220 951 2292 quibus
996 2219 1219 2273 Paridis
1268 2220 1420 2274 inter
1459 2231 1723 2292 pastores
1773 2219 2043 2274 educatio
2099 2217 2549 2273 describeretur.
2657 2221 2862 2289 Hujus

444 2290 786 2350 sententiam
824 2289 1088 2360 sequitur
1120 2289 1396 2372 Heusing.
1434 2290 1509 2342 ad
1545 2289 1601 2346 h.
1635 2288 1672 2341 l.

513 2360 585 2413 V.
623 2359 709 2428 56.
763 2355 1047 2424 rPatulum
1078 2355 1163 2428 os]
1236 2359 1383 2412 Bovi
1420 2359 1595 2413 etiam
1629 2356 1834 2411 tribuit
1869 2358 1974 2411 Ov.
2011 2357 2153 2410 Met.
2198 2357 2278 2417 15,
2307 2358 2433 2414 513.

516 2428 581 2480 V.
618 2428 703 2492 57.
774 2425 1100 2477 Dardaniae
1129 2425 1334 2496 muros]
1402 2426 1439 2480 i.
1477 2445 1526 2484 e.
1562 2427 1814 2493 Trojae.·
1865 2426 2110 2479 Frustra
2145 2427 2344 2482 Burm.
2383 2425 2584 2480 scribit
2619 2424 2860 2476 Darda-

448 2497 568 2569 nio's
609 2513 809 2548 muros.
895 2495 1058 2568 Virg.
1091 2495 1237 2549 Aen.
1277 2511 1328 2561 2,
1376 2496 1482 2563 324
1547 2493 1614 2547 .V
1612 2494 1720 2548 enit
1755 2513 1970 2545 summa
2012 2493 2124 2545 dies
2167 2504 2218 2545 et
2261 2494 2602 2547 ineluctabile
2638 2504 2860 2567 tempus

447 2564 790 2618 Dur-daniae.
826 2566 930 2619 ubi
964 2583 1018 2617 ν.
1056 2564 1220 2620 Serv.
1256 2567 1362 2622 Ov.
1387 2566 1557 2621 Trist.
1577 2585 1628 2633 ι,
1667 2582 1752 2632 ιο,
1789 2566 1873 2619 25.
1946 2561 2404 2635 Dardaniumque
2427 2564 2579 2636 petit,
2610 2565 2860 2617 auctoris

447 2652 644 2687 nomen
679 2632 982 2691 habentem.

514 2702 591 2757 V.
626 2703 711 2757 62.
780 2702 1024 2754 Atlantis
1048 2704 1169 2769 eta]
1238 2701 1570 2757 Mercurius
1604 2702 1768 2757 Jovis
1817 2712 1876 2756 et
1909 2702 2098 2771 Maiae
2133 2700 2288 2755 filius
2323 2713 2480 2763 erat,
2537 2704 2693 2771 Majn
2731 2703 2864 2756 filia

445 2772 699 2827 Atlantis
736 2784 796 2827 et
829 2773 1115 2827 Pleiones.
1150 2791 1203 2827 v.
1240 2774 1381 2829 Met.
1427 2791 1478 2837 ι,
1514 2771 1633 2841 669.
1675 2788 1804 2844 sqq.
2121 2818 2132 2827 .
2637 2810 2642 2815 .

516 2841 593 2897 V.
626 2840 711 2895 63.
790 2839 899 2893 Fas
926 2838 1270 2909 vidissesuit]
1340 2842 1531 2895 Vetus
1564 2840 1903 2911 superstitio
1939 2849 2104 2906 erat,
2157 2858 2285 2893 eum
2307 2877 2325 2904 ,
2377 2840 2476 2913 qui
2514 2844 2672 2895 Deos
2711 2840 2862 2894 invi·

446 2922 541 2966 tos
576 2908 828 2974 vidisset,
865 2912 1145 2965 coecitate
1197 2911 1290 2965 vel
1342 2910 1459 2965 alio
1513 2909 1847 2963 calamitatis
1893 2926 2105 2982 genere
2152 2908 2334 2964 adfici.
2403 2929 2456 2963 v.
2507 2909 2739 2966 callim.
2782 2912 2858 2963 Η.

448 2980 508 3033 in
543 2980 605 3032 L.
640 2979 786 3033 Pan.
822 2978 908 3045 34.
948 2991 1007 3034 et
1044 2978 1121 3033 ibi
1160 2978 1374 3048 spanh.
1445 2978 1633 3052 Quam
1671 2980 1750 3030 ob
1785 2995 1907 3031 rem
1944 2976 2002 3030 in
2037 2977 2282 3030 numinis
2326 2995 2578 3033 occursu
2615 2979 2862 3050 precari

450 3047 750 3113 solebant,
787 3058 851 3101 ut
886 3048 975 3101 fas
1013 3048 1084 3101 sit
1117 3046 1345 3103 vidisse.
1380 3067 1433 3100 v.
1475 3048 1610 3101 Sen.
1643 3047 1755 3116 Ep.
1793 3048 1906 3101 115.
1949 3056 2007 3099 et
2043 3044 2124 3098 ibi
2159 3045 2222 3098 Li
2270 3062 2316 3098 s.

516 3117 573 3170 V
624 3116 709 3183 67.
784 3114 1007 3167 Gelidus
1038 3134 1222 3167 comas
1246 3124 1495 3167 erexerat
1525 3113 1742 3179 horror]
1808 3114 2052 3168 Heinsio
2111 3112 2184 3166 ad
2269 3112 2425 3168 laud.
2469 3114 2596 3169 Eid.
2645 3136 2714 3185 ⁴7,
2777 3136 2862 3171 ιι.

446 3184 665 3239 rectius
700 3183 960 3238 videtur:
1008 3184 1216 3254 gelidus
1260 3202 1448 3235 comus
1487 3190 1772 3233 uri-exerat
1812 3182 2026 3247 horror,
2086 3192 2154 3237 ut
2206 3186 2364 3253 Virg.
2415 3185 2559 3238 Aen.
2599 3189 2656 3252 4,
2731 3187 2860 3241 280.

447 3254 809 3322 Arrectaeque
839 3253 1059 3303 horrore
1096 3270 1300 3305 comae.
1370 3251 1490 3307 Sed
1525 3252 1720 3322 erigere
1757 3250 1924 3305 etiam
1959 3250 2112 3305 bene
2149 3250 2364 3305 dicitur
2399 3253 2455 3306 in
2491 3255 2600 3306 hac
2634 3254 2859 3309 forma.

448 3320 581 3375 Sen.
617 3321 789 3374 Herc.
829 3321 959 3375 Oet.
993 3323 1115 3385 ¹706.
1153 3330 1351 3373 erectus
1380 3321 1562 3371 horret
1598 3320 1775 3373 crinis.
1845 3339 1900 3376 V.
1935 3320 2113 3373 Drak.
2149 3319 2224 3373 ad
2261 3320 2362 3373 Sil.
2399 3321 2524 3383 Ital.
2565 3340 2619 3387 2,
2657 3326 2789 3380 668.

518 3390 594 3444 V.
633 3390 721 3444 68.
791 3389 1026 3440 Nuntius
1060 3392 1196 3455 ales]
1300 3390 1339 3445 i.
1380 3408 1429 3443 e.
1465 3389 1794 3443 Mercurius
1817 3426 1834 3455 ,
1888 3388 2026 3462 quia
2059 3388 2182 3443 alas
2218 3389 2476 3445 habebat
2527 3391 2602 3445 ad
2645 3392 2861 3463 pedes,

446 3457 601 3512 unde
638 3458 809 3513 etiam
847 3460 924 3509 ali
960 3477 1015 3510 es
1052 3457 1279 3513 dicitur.
1360 3460 1502 3512 Met.
1546 3476 1626 3518 ιι,
1661 3458 1781 3513 312.
2067 3496 2072 3503 -
2306 3470 2318 3489 ¹

518 3529 589 3583 V.
625 3545 710 3593 ⁴7¹·
782 3475 957 3596 Ne025
1020 3528 1077 3583 h.
1130 3527 1168 3580 l.
1220 3528 1387 3581 metri
1439 3543 1613 3580 causa
1661 3526 1902 3599 ponitur
1947 3542 2060 3598 pro
2109 3543 2313 3607 neque,
2367 3538 2570 3582 contra
2623 3547 2861 3583 morem

451 3596 639 3650 Ovidii
686 3608 745 3651 et
780 3598 1027 3650 aliorum
1076 3614 1289 3651 aureae
1345 3595 1552 3650 aetatis
1601 3606 1932 3668 poetarum.
2003 3596 2089 3647 Ex
2136 3594 2224 3647 his
2269 3596 2514 3671 aliisque
2565 3598 2706 3652 satis
2753 3616 2863 3671 ap·

447 3676 642 3741 paret,
678 3666 825 3719 hanc
861 3664 1164 3738 epistolam
1198 3683 1321 3719 non
1360 3682 1485 3722 esse
1522 3662 1598 3717 ab
1636 3662 1842 3718 Ovidio
1877 3662 2224 3736 profectam.

518 3736 589 3790 V.
625 3735 712 3803 75.
792 3732 852 3783 V
853 3732 1060 3802 σώαν]
1142 3735 1357 3801 Heius„
1410 3734 1657 3787 fortasse
1693 3750 1812 3787 non
1851 3750 2036 3787 conco
2082 3748 2226 3787 uens
2279 3750 2458 3785 vereor
2505 3752 2638 3790 cum
2689 3735 2860 3789 infin.

450 3814 867 3865 constructum,
904 3803 1043 3875 legit
1080 3805 1356 3873 querebar.
1392 3801 1512 3858 Sed
1549 3801 1806 3873 querendi
1829 3802 1996 3855 notio
2032 3819 2067 3855 a
2146 3802 2202 3853 h.
2239 3802 2276 3855 l.
2315 3803 2524 3859 aliena.
2595 3807 2716 3859 Nec
2755 3805 2860 3858 de-

449 3883 584 3926 sunt
618 3871 913 3944 exempla‚
948 3872 1052 3925 ubi
1090 3872 1254 3923 vereri
1290 3890 1420 3925 cum
1454 3871 1614 3928 infin.
1649 3870 2043 3926 construatur.
2089 3870 2252 3945 Virg.
2290 3872 2408 3927 Cir.
2440 3874 2559 3929 360.
2595 3870 2860 3943 Namque

448 3942 567 4009 ipso
604 3940 769 3991 verita
796 3948 875 3991 est
906 3942 1089 3991 orbari
1131 3950 1337 3992 moesta
1374 3948 1618 4012 parente.
1689 3940 1857 3994 Gurt.
1910 3957 1963 4011 9,
2013 3958 2090 4008 7.·
2112 3940 2438 3991 celebratum
2482 3940 2859 3992 Macedonum

441 4007 819 4081 fortitudinem
854 4008 932 4058 ud
973 4008 1268 4060 ludibrium
1318 4009 1563 4061 recidisse
1615 4008 1908 4060 verebatur.
1977 4010 2045 4061 In
2080 4009 2292 4081 quibus
2331 4028 2488 4065 exem
2537 4011 2608 4063 lis
2645 4010 2857 4065 infinit.

452 4095 565 4149 pto
604 4095 722 4131 acc.
758 4078 888 4150 capi
923 4088 1143 4151 potest,
1177 4091 1245 4134 ut
1276 4078 1484 4132 millies
1519 4077 1579 4131 in
1603 4078 1756 4131 =aliis.
1795 4098 1848 4130 v.
1878 4078 2066 4134 navis.
2110 4076 2184 4131 ad
2221 4078 2341 4132 Cic.
2378 4078 2448 4133 de
2535 4094 2725 4153 egg.2‚
2769 4097 2859 4135 Μ.

439 4157 514 4203 -et
546 4146 867 4218 Wopkens.
905 4146 979 4201 ad
1012 4147 1210 4201 Sedul.
1248 4149 1447 4217 Hymn.
1487 4162 1541 4210 2,
1576 4148 1663 4202 30.
1741 4149 1746 4155 ’
2119 4192 2123 4197 .

518 4215 591 4267 V.
626 4214 721 4269 80.
794 4214 1031 4266 Causam
1082 4216 1307 4283 vincere]
1376 4214 1672 4288 Significat
1706 4232 1935 4269 causam
1975 4214 2266 4271 obtinere.
2333 4216 2529 4269 Heius.
2579 4217 2734 4270 cerri
2780 4218 2856 4272 it:

452 4301 619 4337 causa
648 4284 851 4333 vincere
920 4302 1033 4335 osse
1063 4302 1185 4336 sua.
1254 4286 1330 4338 Et
1360 4284 1443 4337 sic
1479 4284 1806 4357 loquuntur
1829 4283 2088 4338 melioris
2118 4283 2319 4338 aetatis
2351 4285 2691 4357 scriptores.
2731 4234 2856 4340 god

450 4352 815 4427 posteriores
932 4352 1035 4407 tini
1070 4353 1339 4407 dixerunt
1374 4352 1578 4403 vincere
1603 4370 1856 4411 causam,
1929 4370 2162 4422 agnam.
2194 4353 2493 4422 proelium,-
2529 4355 2746 4413 bellum,
2791 4366 2858 4409 ut

453 4419 725 4495 pluribus
759 4421 1035 4492 exemplis
1068 4420 1433 4477 demonstrat
1468 4420 1736 4476 Oudend.
1773 4421 1849 4474 ad
1937 4422 2093 4474 hom.
2128 4422 2279 4495 Mag.
2316 4440 2378 4494 p.
2415 4424 2534 4478 628.
2586 4424 2653 4476 ln
2687 4425 2852 4479 ὕει·
