2909 5050
925 335 932 344 ,
971 301 1049 355 m
1089 301 1214 356 ov.
1249 301 1422 356 ΗΕΒ.
1460 301 1533 356 v.
1592 259 1597 264 ’
1788 309 1795 326 ·
2046 338 2084 398 ,‘
2347 267 2453 369 35

49 469 312 534 mannus
346 453 540 528 legere
572 452 771 508 malit:
837 471 976 523 quae
1012 454 1218 504 consita
1253 453 1499 524 margine
1533 451 1635 502 rivi
1649 491 1667 519 ,
1730 453 1867 526 quia
1909 451 2089 510 modo
2141 459 2458 530 praecessit

51 540 168 578 vox
209 540 354 592 ripa.

119 592 202 644 V.
247 593 332 646 28.
405 591 631 663 Rugoso
669 590 884 660 cortice]
955 591 994 644 i.
1031 609 1081 647 e.
1121 591 1220 663 qui
1251 608 1424 666 rugas
1464 588 1623 645 duxit
1656 607 1798 664 prae
1834 602 2139 650 vetustate.
2208 593 2354 650 Plin·
2386 598 2459 654 H.

52 661 122 713 N.
164 663 254 726 16,
293 661 380 716 31.
418 660 684 711 Omnibus
721 659 1004 710 arboribus
1040 669 1228 710 cortex·
1263 663 1320 708 in
1353 667 1565 710 senecta
1600 660 1867 731 rugosior.

14 769 16 776 .
121 730 204 782 V.
245 747 328 812 39.
403 727 648 801 Spirare]
717 747 830 802 pro
884 731 1116 788 vivere.
1169 740 1235 782 ut
1282 728 1498 799 spiritus
1542 745 1653 800 pro
1703 729 1837 786 vita.
1906 731 2189 806 Exempla
2238 733 2459 808 ubique

53 815 118 850 re
171 809 466 852 eruuntur.

121 817 202 922 ¹5³7.
241 869 326 922 30.
399 866 736 939 Adsuntem
768 865 1006 936 Xanthi]
1075 867 1382 941 Frequens
1409 865 1604 940 poetis
1634 867 1915 940 loquendi
1942 871 2114 930 ratio,
2152 889 2284 940 cum
2315 871 2463 926 indi·

54 953 190 990 care
229 938 461 1002 volunt,
501 936 720 1010 aliquid
743 953 852 990 nec
881 935 1194 990 verisimile
1217 952 1376 1000 esse,
1412 954 1520 989 nec
1550 935 1867 992 consistere
1898 941 2092 1013 posse.
2131 942 2460 1014 Virg.Aen.

61 1025 140 1070 ιι,
177 1008 308 1072 405.
379 1006 579 1060 Amnis
624 1015 673 1055 et
707 1004 981 1074 Adriacas
1029 1013 1168 1055 retro
1193 1005 1263 1072 fu
1303 1005 1344 1054 it
1377 1003 1616 1074 Aufidus
1652 1004 1865 1060 undas..
1894 1008 1997 1063 ubi
2044 1029 2096 1063 v.
2136 1010 2297 1064 SerV.
2354 1013 2461 1068 ov,

58 1075 238 1129 Trist.
283 1095 334 1140 1,
373 1095 428 1140 7,
473 1095 519 1128 1.
556 1075 630 1124 In
666 1082 827 1144 caput
863 1076 977 1124 alta
1013 1088 1170 1124 suum
1206 1075 1261 1123 la
1301 1081 1455 1123 entur
1490 1075 1560 1124 ab
1598 1092 1661 1124 ae
1701 1091 1829 1126 uore
1865 1086 2005 1127 retro
2041 1076 2305 1129 Flumina
2342 1091 2457 1135 etc.
2506 1087 2511 1090 '

59 1165 110 1202 v.
143 1145 380 1198 Erasm.
417 1143 582 1216 Adag
624 1181 637 1196 .
720 1184 733 1196 .
763 1160 890 1214 7³9·
931 1154 990 1197 et
1025 1143 1204 1198 Drak.
1242 1141 1316 1196 ad
1354 1142 1456 1196 Sil.
1494 1143 1627 1198 Ital.
1706 1181 1722 1207 ,
1763 1145 1881 1201 253.
2330 1135 2339 1146 ’

126 1215 204 1269 V.
241 1216 330 1270 3¹.
401 1161 712 1282 Lympfiag
779 1214 859 1266 Et
893 1210 1122 1282 lympha
1157 1222 1214 1264 et
1263 1211 1505 1282 nympha
1553 1231 1666 1285 pro
1717 1229 1869 1283 aqua
1916 1215 2185 1286 ponitur3
2257 1235 2464 1272 verum

59 1283 160 1336 ubi
197 1295 423 1355 poetae
463 1284 628 1356 aquis
667 1281 954 1335 actionem
991 1277 1280 1353 quandam
1329 1281 1633 1334 humanam
1673 1281 1973 1350 tribuunt,
2032 1285 2331 1356 nympham
2408 1306 2464 1341 ο-

61 1353 213 1416 tiuS,
254 1369 434 1425 quam
467 1351 784 1421 lympham,
835 1349 1049 1404 dicunt.
1119 1351 1206 1402 lta
1253 1367 1326 1402 ue
1375 1351 1569 1406 Heius,
1608 1369 1641 1404 e
1676 1351 1813 1404 Mss.
1863 1353 2131 1408 emendat
2175 1373 2341 1426 nymp
2382 1375 2464 1408 ae.

60 1424 314 1544 Praetesr
340 1419 752 1544 lHeints.3a‹16h.
789 1419 830 1472 l.
879 1439 932 1474 v.
971 1418 1160 1472 Bentl.
1197 1435 1230 1470 a
1305 1420 1448 1472 Hor.
1485 1419 1536 1476 3.
1573 1419 1763 1475 Carm.
1805 1421 1889 1488 23,
1932 1423 2011 1477 ι6.
2057 1433 2117 1478 et
2138 1423 2353 1482 Μαι-ΕΙ.
2389 1424 2467 1479 ad

67 1493 211 1546 Stat.
325 1511 416 1544 ·v.
459 1510 508 1554 1,
719 1529 731 1540 .

131 1561 210 1615 V.
248 1512 344 1614 33.
414 1493 713 1623 Sustine-ql}
744 1558 782 1610 i.
821 1575 870 1612 c.
909 1555 1122 1622 audet,
1181 1556 1432 1612 animum
1464 1555 1708 1613 inducit.
1770 1557 1999 1614 Auctor
2032 1559 2193 1632 Eleg.
2230 1559 2305 1616 ad
2340 1562 2465 1621 Liv.

69 1631 182 1684 135.
231 1627 382 1679 Tene
419 1645 514 1708 ego
551 1627 782 1677 sustineo
814 1626 1052 1696 positum
1086 1626 1344 1676 scelerata
1383 1623 1598 1676 videre?
1653 1627 1772 1683 cic.
1807 1629 1983 1682 Verr.
2026 1649 2047 1682 1
2072 1667 2089 1695 ,
2123 1631 2177 1696 4.
2230 1627 2469 1683 Sustine.

69 1701 198 1750 bunt
237 1699 380 1747 tale‘s
411 1697 508 1746 otri
537 1704 614 1746 tot
646 1695 956 1746 hominibus
985 1692 1368 1745 honestissimis
1394 1712 1507 1743 non
1531 1695 1827 1749 credidisse.
1903 1699 2009 1752 Ov.
2047 1698 2249 1752 Amor.
2289 1717 2341 1764 1,
2383 1703 2473 1769 14,

68 1770 142 1824 53.
186 1764 436 1818 Sustinet
472 1765 724 1835 antiquos
757 1763 962 1834 gremio
997 1780 1022 1813 s
1061 1771 1232 1812 ectare
1269 1764 1515 1833 capillos.
1551 1764 1653 1817 ubi
1690 1783 1745 1818 v.
1770 1765 1965 1822 HeinS.
2002 1765 2181 1821 Plura
2201 1767 2464 1843 Interpp.

67 1837 138 1894 ad
171 1837 424 1890 Petron.
466 1835 580 1888 116.
623 1845 682 1886 et
717 1833 924 1887 Markl.
964 1849 997 1884 a
1077 1831 1222 1885 Stat.
1261 1831 1414 1902 Sylv.
1450 1835 1506 1898 5,
1540 1832 1591 1892 3,
1626 1834 1679 1889 8.
1916 1863 1919 1870 ·

127 1907 202 1961 V.
245 1905 336 1959 33.
407 1901 626 1968 Dicere]
701 1901 890 1972 Saepe
927 1911 1014 1955 est
1053 1899 1416 1970 praedicere,
1452 1901 1773 1958 vaticinari.
1836 1903 2054 1959 Tibull.
2089 1923 2138 1971 1,
2177 1906 2231 1972 6,
2270 1906 2353 1962 55.
2390 1905 2472 1957 Et

69 1975 157 2027 tibi
194 1973 384 2024 nescio
421 1990 558 2041 quas
592 1971 752 2029 dixit,
789 1989 912 2022 mea
947 1969 1145 2033 Delia,
1179 1987 1402 2040 poenas,
1440 1970 1677 2025 Anthol.
1715 1971 1843 2026 Lat.
1885 1990 1934 2038 1,
1978 1991 2091 2028 100.
2129 1993 2189 2048 p.
2226 1975 2313 2031 82.
2352 1973 2470 2026 Pro

72 2047 216 2112 cujus
269 2059 403 2092 cura
450 2042 726 2092 consultus
773 2039 920 2088 dixit
963 2038 1187 2108 Apollo.
1305 2040 1459 2092 Hinc-
1504 2037 1665 2089 dictio
1718 2051 1779 2095 et
1826 2038 2028 2092 dictum
2075 2044 2313 2115 ponitur
2356 2061 2473 2128 Pro

72 2111 369 2186 Apollinis
403 2126 701 2178 responso.
772 2109 965 2168 Liv.8‚
1001 2111 1084 2173 24.
1119 2105 1311 2158 Accito
1350 2105 1418 2156 ab
1459 2105 1761 2159 Tarentinis
1795 2107 1853 2157 in
1877 2108 2107 2161 Italiam
2140 2108 2274 2162 datd
2309 2112 2472 2164 dictio

77 2193 196 2238 erat.
236 2201 296 2236 v.
336 2180 535 2234 Heius.
573 2177 641 2232 ad
683 2180 738 2232 h.
777 2178 817 2235 l.
857 2189 916 2231 et
951 2177 1128 2230 Drak.
1167 2173 1243 2228 ad
1284 2175 1386 2230 Sil.
1424 2176 1553 2230 Ital.
1597 2177 1680 2241 13,
1714 2179 1836 2260 819.
1874 2189 1935 2232 et
1970 2179 2041 2231 ad
2083 2181 2194 2233 Liv.
2233 2182 2271 2236 l.
2306 2181 2347 2237 l.

15 2317 17 2320 Α
135 2254 212 2307 V.
251 2251 344 2315 34.
417 2247 619 2298 Mutati
653 2246 773 2315 eta]
842 2245 1037 2296 Hiems
1065 2246 1158 2298 vel
1189 2253 1473 2315 tempestas
1501 2243 1574 2299 de
1604 2246 1933 2302 calamitate
1969 2247 2193 2303 dicitur.
2229 2247 2475 2304 Mutatus

77 2338 228 2372 amor
270 2331 360 2374 est
395 2318 674 2370 aliorsum
709 2331 934 2379 versus,
970 2315 1316 2386 metaphora
1344 2326 1533 2370 sumta
1570 2331 1601 2367 a
1630 2327 1830 2382 vento,
1866 2315 1991 2390 qui,
2026 2335 2155 2370 cum
2188 2318 2475 2374 secundus

79 2389 308 2453 fuisset,
345 2398 602 2441 mutatus
639 2396 698 2438 et
735 2383 1012 2446 adyersus
1035 2394 1142 2437 est.
1162 2450 1175 2463 ·
1213 2383 1409 2455 Vulgo
1439 2383 1655 2463 amoris·
1666 2382 1897 2434 hiemem
1922 2384 1996 2440 'de
2022 2386 2233 2440 amoris
2257 2388 2475 2460 frigore

81 2450 1787 2594 ‘vait’stffip512'330t'32‘3ffl02225235]Vfflz‘ss‘tm
1823 2535 1913 2581 ..t
1947 2481 2203 2577 aaa...
2238 2526 2477 2581 Metam,
2548 2537 2559 2561 ι

82 2618 128 2665 ¹7,
157 2598 288 2663 482.
359 2593 540 2645 Arma
569 2594 748 2657 juves,
788 2608 909 2649 oro,
949 2607 1052 2660 pro
1081 2598 1248 2659 gnato
1284 2598 1483 2646 sumta.
1543 2590 1621 2644 At
1653 2608 1859 2642 sumere
1875 2594 2097 2659 ferrum
2134 2590 2223 2647 est
2256 2593 2478 2650 helluin
2518 2588 2527 2597 ¹
2588 2616 2593 2623 ·

18 2726 23 2737 1
83 2667 399 2737 suscipere.
437 2681 491 2716 v,
529 2663 636 2731 Ep.
679 2661 762 2725 16,
801 2661 919 2729 37¹·
959 2670 1017 2712 et
1051 2660 1232 2712 Drak.
1292 2658 1367 2713 ad
1413 2659 1538 2713 Liv.
1574 2659 1679 2725 4ο,
1722 2678 1799 2713 ιο.
1873 2662 2091 2717 Sensu‘s
2128 2674 2319 2717 autem
2358 2670 2479 2720 e‘st:

20 2738 22 2743 ’
80 2738 342 2789 'Minerva
375 2730 686 2805 pulchrior
723 2740 812 2782 est
846 2730 1018 2781 armis
1054 2726 1293 2793 induta,
1332 2744 1506 2799 quam
1542 2726 1722 2782 nuda.
1854 2772 1859 2779 .
2072 2742 2077 2751 ·
2218 2744 2231 2759 ’-
2400 2742 2405 2748 ·
2468 2734 2475 2741 ·

20 2804 22 2815 “
141 2807 218 2860 V.
257 2805 346 2869 [μ.
421 2800 603 2854 Classe
632 2796 878 2870 peracta]
949 2798 986 2851 i.
1027 2815 1078 2851 e.
1116 2796 1378 2868 perfecta
1402 2834 1419 2861 ,
1455 2795 1749 2851 absoluta.
1784 2797 1948 2854 Suet·
1987 2798 2172 2875 Calig.
2212 2818 2295 2857 21.
2348 2820 2481 2873 quo-

22 2880 26 2937 ξς
111 2894 198 2924 um
240 2889 468 2943 operum
506 2887 540 2919 a
575 2884 872 2919 successore
909 2868 1022 2933 ejus
1057 2868 1284 2916 alterum
1318 2872 1611 2934 peractum.
1679 2868 1881 2925 Valet,
1916 2868 2119 2922 Flam..
2152 2888 2198 2931 2,
2236 2873 2321 2945 96,
2355 2870 2481 2940 pgr).

24 2948 26 2993 f
89 2953 214 2995 acta·
238 2940 454 3011 aegide.
491 2957 545 2991 v.
583 2938 845 2991 Gronov.
889 2934 1074 2988 Diatr.
1109 2934 1253 2989 Stat.
1297 2936 1375 2989 15.
1412 2952 1475 3004 p.
1511 2934 1599 2991 83.
1635 2946 1692 2989 et
1729 2936 1926 2991 Burm.
1966 2936 2039 2991 ad
2076 2938 2145 2991 h..
2168 2941 2206 2992 l.

24 3002 26 3025 ²
143 3014 219 3067 V,
253 3014 346 3078 42.
421 3008 642 3059 Ceratas
675 3006 840 3069 rates]
895 3006 1163 3059 =Veteres
1212 3002 1441 3055 navium
1494 3002 1666 3057 rimas
1721 3022 1856 3063 cera
1906 3005 2259 3081 implebant,
2324 3005 2481 3063 unde

91 3093 328 3151 saepe‘a
362 3076 560 3150 poetis
595 3092 758 3126 naves
793 3081 1004 3125 ceratae
1041 3070 1339 3135 dicuntur,
1377 3083 1444 3126 ut
1474 3070 1641 3127 Rem.
1681 3072 1815 3137 Am,
1848 3076 1971 3144 447.
2025 3072 2169 3125 -Νοη
2204 3075 2335 3125 satis
2369 3092 2483 3125 una

91 3158 213 3200 tenet
262 3156 478 3197 ceratas
513 3143 754 3194 anchora
784 3159 1006 3225 puppes.
1079 3140 1214 3193 Cera
1259 3151 1454 3195 autem
1488 3152 1657 3196 notat
1700 3142 1890 3214 picem
1940 3160 2073 3199 cera
2124 3144 2375 3199 mixtam.
2428 3164 2479 3200 r.

93 3216 296 3274 Scheff.
341 3214 416 3269 de
452 3213 624 3267 Milit.
661 3210 863 3265 Navali
905 3229 950 3271 ι,
985 3212 1036 3266 5.
1321 3208 1332 3221 “
2196 3236 2203 3247 .
2462 3206 2475 3218 “

147 3286 222 3340 V,
256 3286 356 3352 43.
427 3281 606 3333 Parce
642 3282 862 3351 negare]
934 3278 973 3333 i.
1009 3296 1060 3333 e.
1095 3277 1220 3334 noli
1255 3296 1326 3333 ne
1366 3296 1502 3344 are,
1541 3294 1679 3333 cave
1715 3296 1908 3353 neges.
1940 3280 2285 3354 ·'Virg.·Ecl.
2310 3280 2367 3347 3,
2393 3284 2483 3352 94.

95 3354 338 3413 Parcite,
375 3369 530 3413 oves,
567 3348 795 3401 nimium
825 3347 1132 3419 procedere.
1207 3348 1308 3401 Ov·
1349 3404 1352 3407 ,
1395 3357 1500 3401 ast.
1536 3349 1606 3414 6,
1662 3349 1783 3404 621.
1869 3347 2118 3407 Parcite.
2178 3358 2481 3417 matronae,

99 3426 267 3476 vetitas
317 3421 456 3472 attin
495 3437 580 3471 ere
617 3426 796 3471 vestes.
869 3416 966 3471 Sic
997 3434 1217 3487 parcere
1254 3416 1471 3472 centies
1509 3417 1766 3473 occurrit
1802 3417 1959 3491 apud
1992 3429 2216 3491 poetae.

150 3496 220 3548 V,
267 3493 362 3557 45.
449 3440 678 3539 filum-os
717 3486 902 3555 flentis
953 3487 1174 3551 ocellos]
1255 3486 1288 3537 i.
1343 3504 1392 3541 e.
1440 3484 1552 3538 mei
1600 3483 1789 3540 flentis
1839 3488 2085 3541 ocellos.
2166 3491 2295 3543 Hoc
2347 3504 2482 3541 con·

98 3559 346 3617 struendi
395 3572 579 3630 genus
618 3574 649 3610 e
685 3570 894 3627 graeco
933 3555 1098 3609 fonte
1128 3553 1331 3620 fluxit,
1395 3564 1454 3608 et
1489 3552 1776 3608 familiare
1816 3566 1905 3609 est
1958 3556 2191 3627 optimis
2242 3555 2485 3627 scripto·
2534 3572 2541 3579 ·

96 3633 262 3686 ribus,
347 3628 468 3681 Cic,
507 3623 581 3679 ad
615 3626 739 3679 Div.
783 3626 866 3690 15,
897 3624 986 3679 '13.
1037 3641 1121 3673 me
1167 3624 1438 3673 consulem
1488 3631 1638 3671 tuum
1686 3622 1924 3673 studium
1974 3623 2325 3675 adolescentis
2364 3642 2485 3695 per·-

40 3734 42 3737 ,
96 3721 116 3751 5
148 3700 345 3750 exisse,
419 3698 556 3750 Rut.
608 3694 752 3763 Lup.
809 3712 858 3746 ι.
906 3713 968 3775 p.
1025 3696 1103 3749 23.
1167 3692 1364 3761 Itaque
1399 3690 1558 3741 unius
1615 3709 1779 3761 opera
1824 3707 1945 3742 mea
1998 3710 2109 3742 non
2158 3692 2483 3743 concitatum

99 3721 286 3820 iillum
321 3784 434 3816 non
459 3762 818 3815 necessarium
847 3762 1007 3814 scitis.
1045 3761 1178 3815 Sen-
1215 3760 1322 3832 Ep.
1357 3778 1443 3830 9²·
1482 3777 1666 3810 meum
1696 3759 1754 3809 in
1786 3759 1871 3811 his
1905 3776 2009 3832 pro
2050 3761 2245 3811 ositurri
2280 3760 2484 3813 bonum

99 3849 190 3904 est,
227 3834 498 3887 servantis
527 3833 585 3882 in
661 3848 839 3901 uaque
891 3849 946 3881 re
994 3829 1195 3879 rationi
1241 3830 1638 3879 convenientem
1681 3828 1926 3882 modum.
2036 3830 2166 3884 lura
2221 3849 2381 3885 exem
2426 3828 2484 3885 sa

97 3908 306 3961 habent
341 3903 540 3957 Heins-
579 3851 659 3954 ag
688 3900 745 3953 h.
766 3901 804 3953 l.
843 3912 904 3955 et
936 3897 1230 3954 Drakenh.
1267 3895 1342 3949 ad
1374 3898 1496 3951 Liv.
1533 3912 1589 3966 7,
1625 3899 1714 3964 4ο.
1756 3916 1788 3951 e
1826 3898 2065 3953 Graecis
2098 3898 2375 3973 scriptori
2417 3917 2486 3955 us

99 3975 440 4031 Valckenar·
477 3968 554 4024 ad
594 3970 734 4023 Eur·
782 3972 1000 4023 Phoen-
1041 3966 1188 4022 1518.

153 4046 222 4099 V,
261 4044 354 4097 50.
426 4039 534 4091 Ille
571 4037 832 4090 secundus
861 4040 1000 4101 erat]
1069 4038 1265 4088 Burm.
1303 4034 1589 4107 explicat:
1624 4036 1851 4089 Ventus
1878 4037 2165 4091 secundus
2198 4047 2327 4091 erat
2348 4036 2488 4093 mihi

101 4113 356 4177 amanti..
408 4111 549 4181 quia
583 4118 642 4160 te
677 4106 986 4161 retinebat·
1059 4106 1246 4185 Quem
1283 4120 1316 4157 a
1351 4122 1493 4157 vero
1544 4121 1719 4158 sensu
1756 4104 2060 4159 aberrasse
2107 4106 2244 4160 satis
2296 4116 2486 4161 osten-

104 4182 232 4236 dunt
269 4178 494 4233 verba:
531 4174 800 4227 -Riserunt
834 4173 1066 4226 comites.
1155 4174 1372 4227 Sensus
1407 4174 1501 4225 hic
1538 4183 1655 4227 est:
1712 4173 1855 4227 Cum
1896 4174 2053 4247 apud
2090 4193 2179 4228 me
2217 4176 2483 4229 manendi

103 4266 320 4305 caussas
359 4262 716 4323 quaereres.
752 4242 1038 4317 fingebas,
1073 4256 1340 4307 ventum,
1416 4242 1478 4295 ui
1511 4241 1798 4296 secundus
1835 4253 1995 4307 erat,
2036 4242 2142 4298 tibi
2178 4242 2487 4301 adversum

107 4338 245 4385 esse,
285 4330 468 4391 atque
505 4316 580 4369 im
628 4313 818 4378 edire,
855 4330 976 4386 quo
1013 4312 1198 4367 minus
1237 4310 1386 4365 disce
1432 4329 1533 4367 ere
1614 4329 1788 4365 esses.
2476 4348 2491 4363 ,

159 4390 234 4442 V.
273 4390 362 4444 53.
433 4382 570 4456 Riga·
609 4402 642 4432 o
677 4382 854 4453 malo]
919 4382 956 4434 i.
986 4398 1032 4435 e·
1070 4380 1254 4444 duro,
1289 4380 1479 4437 firmo,
1591 4381 1643 4434 ic
1672 4380 1840 4447 Virg.
1879 4380 2002 4435 Ecl.
2037 4383 2109 4445 6,
2148 4382 2229 4437 28.
2268 4388 2491 4453 quercus
2534 4374 2540 4392 ¹

107 4457 318 4528 rigidae.
394 4455 502 4508 ΟΨ.
540 4454 587 4507 F
593 4465 698 4507 ast.
731 4452 784 4517 3,
819 4454 938 4521 529.
976 4448 1180 4521 rigidae
1221 4451 1520 4501 columnae.
1554 4448 1657 4503 ubi
1696 4468 1745 4503 v.
1780 4452 1979 4503 Burm.
2107 4460 2115 4467 ’
2192 4448 2201 4461 ’

161 4526 234 4577 V.
272 4526 360 4591 54.
430 4520 636 4587 Eruta]
707 4518 1032 4575 Translatio
1065 4518 1238 4573 ducta
1265 4530 1354 4571 est
1377 4536 1444 4572 ex
1475 4518 1861 4589 agricultura3
1890 4536 2023 4571 nam
2038 4516 2281 4592 proprie
2304 4518 2491 4575 fossor
2522 4553 2541 4567 -

110 4594 307 4650 dicitur
321 4608 502 4643 eruere
534 4598 752 4645 terram.
822 4590 947 4643 Am.
963 4590 1020 4654 3,
1054 4587 1111 4654 8,
1147 4588 1232 4656 43.
1306 4584 1433 4637 Non
1446 4588 1605 4658 sreta
1618 4584 1836 4637 demissi
1864 4586 2143 4637 verrebant
2166 4596 2317 4637 eruta
2334 4586 2487 4641 remi.

1928 4674 2021 4739 3.
