2909 5050
449 245 558 316 24
1354 250 1433 304 n.
1470 247 1539 302 R.
1576 245 1911 339 mc'rA‘rA

441 385 660 460 tionem
683 443 700 470 ‚
751 401 957 468 deinde
1008 401 1201 470 ipsum
1245 396 1351 454 teli
1394 399 1608 474 jactum
1660 397 1963 478 signifi-eat.
2012 397 2124 476 Ep.
2154 400 2227 514 j,
2271 398 2359 464 41.
2408 395 2857 475 es‘cussootelum

447 473 657 525 vibrare
701 476 921 523 lacerto.
973 468 1136 523 Curt-
1184 468 1238 534 6,
1287 469 1341 525 5.
1435 476 1496 516 ut
1531 483 1689 534 arcus
1722 466 1959 534 sae-aleus
2008 475 2151 516 tnten
2192 473 2290 516 ant
2338 472 2390 514 et
2439 466 2546 515 tela
2610 464 2853 515 mbr-ent.

351 554 357 562 ’
440 541 670 595 Librare
705 540 882 613 igitur
918 549 1008 592 est
1029 539 1259 606 jamjam
1283 535 1534 596 missuri,
1571 535 1779 585 vibrare
1802 533 2091 588 mittentis.
2179 535 2246 586 In
2272 533 2483 587 horum
2519 533 2859 587 verborum

445 610 772 667 discrimine
821 605 1230 670 constituendo
1268 605 1450 660 secuti
1484 620 1680 660 sumus
1734 603 2036 657 excellenti
2084 603 2347 656 doctrina
2394 601 2588 667 viros,
2642 601 2859 654 Mark-

446 678 603 735 land.
643 677 716 733 ad
752 677 898 732 Stat.
951 675 1132 730 Theb.
1180 675 1231 740 5,
1269 693 1318 740 2,
1362 691 1475 727 102.
1530 686 1586 744 et
1622 672 1837 726 Swarz.
1878 670 1952 724 ad
1998 671 2144 726 Plin.
2191 674 2349 725 Pane
2387 707 2401 721 .
2442 671 2523 726 13.
2556 688 2621 741 p.
2664 672 2754 725 26.
2798 678 2862 722 et
2900 707 2902 720 ,

442 767 506 872 E,
525 752 642 819 590.
699 745 893 872 3Aliud
939 744 1245 797 discrimen
1273 742 1382 797 sibi
1413 743 1473 796 in
1508 743 1595 796 his
1629 741 1889 815 reperire
1917 741 2071 794 visus
2104 752 2199 796 est
2232 741 2313 795 Gl.
2402 739 2742 811 udendorp.
2774 735 2859 790 ad

495 834 664 872 ucan.
918 832 970 866 o·
1091 830 1178 866 em
1212 831 1267 866 v.

511 889 587 943 V.
628 854 755 941 1263
793 817 1109 946 &Tr-[anseg]
1178 882 1498 953 Eleganter
1544 880 1724 934 telum
1776 877 2044 933 adactum
2090 877 2302 933 dicitur
2336 879 2560 929 transire
2598 893 2858 950 corpus.

444 955 662 1008 Lucan.
685 957 738 1020 4,
773 954 894 1020 644.
970 951 1199 1003 Viscera
1229 968 1338 999 non
1364 967 1503 1000 unus
1529 950 1653 1016 jam
1688 945 1896 997 dudum
1934 947 2145 997 transiit
2177 947 2333 1003 ensis,
2369 946 2471 1000 uhi
2486 969 2537 1003 v.
2564 944 2879 1003 Oudend„

444 1024 590 1080 Stat.
628 1020 807 1075 Theb.
849 1035 946 1085 12,
982 1021 1104 1090 75⁰·
1139 1022 1304 1088 longo
1337 1020 1551 1088 perlata
1588 1026 1764 1067 tenore
1807 1015 2045 1066 Transiit
2078 1015 2237 1066 hasta
2272 1015 2427 1071 duos.

512 1089 702 1142 Pelias
733 1087 916 1153 hastd]
966 1088 1000 1141 i.
1022 1107 1073 1142 e.
1111 1103 1278 1143 caesa
1310 1087 1366 1140 in
1401 1086 1591 1149 Pelio,
1628 1095 1825 1138 monte
1842 1084 2183 1139 Thessaliae.
2218 1104 2271 1137 v.
2295 1086 2463 1137 Hom.
2499 1084 2569 1139 11.
2603 1089 2685 1151 11,
2722 1085 2857 1152 143.

510 1161 586 1214 V.
627 1157 744 1212 128-
817 1155 1021 1208 Oscula
1037 1158 1254 1225 seram]
1325 1156 1361 1209 i.
1403 1173 1453 1211 e.
1490 1154 1654 1206 dabo.
1694 1156 1847 1208 Fast.
1888 1171 1916 1205 2
1937 1193 1952 1213 ‚
1991 1156 2113 1220 715.
2184 1150 2388 1204 Oscula
2436 1153 2660 1224 quisque
2710 1170 2860 1204 suae

445 1227 610 1280 matri
655 1235 950 1298 properata
984 1229 1235 1279 tulerunt.
1285 1223 1388 1278 uhi
1441 1243 1496 1276 v.
1544 1223 1741 1276 Heius.
1826 1220 1946 1276 Sed
1996 1219 2289 1276 interdum
2340 1223 2526 1272 oscula
2557 1222 2717 1288 serre
2760 1231 2863 1274 est

445 1296 701 1361 auferre,
739 1295 1025 1368 accipere,
1065 1306 1131 1348 ut
1165 1296 1213 1348 E
1261 1331 1275 1347 .
1298 1293 1383 1355 15,
1425 1311 1541 1345 101.
1611 1289 1739 1340 Νοη
1768 1299 1939 1340 tecum
1970 1291 2244 1349 lacrimas,
2280 1308 2392 1340 non
2414 1292 2599 1341 oscula
2623 1307 2863 1341 sumata

448 1365 632 1422 mlisti.
699 1366 776 1419 Et
810 1364 892 1418 sic
907 1363 1060 1432 ferre
1099 1363 1158 1417 in
1194 1382 1225 1416 a
1251 1364 1320 1416 iis
1355 1360 1752 1416 locutionibus
1790 1356 2080 1429 duplicem
2118 1359 2227 1412 vim
2261 1357 2459 1414 habet.

513 1435 587 1490 V.
632 1434 744 1488 130.
823 1431 1015 1483 Teucri
1031 1431 1240 1550 fraterj
1278 1432 1313 1487 i.
1349 1448 1399 1485 e.
1436 1429 1582 1499 Ajax
1618 1427 2013 1484 Telamonius.

515 1501 748 1624 Cgedite]
810 1499 984 1623 grecie
1021 1511 1078 1554 et
1113 1519 1196 1552 cre
1235 1501 1305 1551 ite
1323 1515 1497 1570 saepe
1532 1498 1614 1552 sic
1640 1497 1986 1566 interjicitur
2018 1495 2343 1552 affirmandi
2362 1513 2551 1552 causa.
2591 1517 2643 1551 v.
2665 1496 2865 1552 Trist.

727 1609 742 1624 .
867 1587 1013 1624 mor.
1051 1586 1081 1621 a
1157 1587 1186 1623 α
1289 1611 1307 1625 .-

445 1573 744 1694 4’V.’1}(1'.
816 1635 924 1688 Est
957 1588 1286 1708 aliqu'idsi?
1299 1656 1349 1692 e.
1388 1635 1578 1708 magni
1612 1635 1924 1699 momenti,
1962 1651 2200 1707 magnae
2236 1633 2529 1694 efficaciae
2566 1645 2677 1689 est.
2730 1635 2865 1688 Ve-

446 1719 619 1766 nusta
653 1707 942 1772 formula,
1009 1725 1125 1779 qua
1161 1724 1336 1779 saepe
1371 1705 1555 1760 utitur
1592 1707 1700 1760 Ov.
1738 1704 1899 1757 Rem.
1919 1703 2048 1757 Am.
2068 1703 2192 1769 480.
2265 1700 2371 1754 Est
2387 1703 2616 1774 aliquid,
2657 1703 2865 1754 calida

445 1786 858 1900 2⁶:4²²''3152ffl5'2
896 1778 1274 1900 'Zim‘pffft‘
1289 1776 1342 1910 Σ
1359 1791 1499 1840 ’⁶²⁷‘
1517 1862 1547 1894 2-
1570 1768 2431 1893 E}.‘5.5³⁹552d2.31“5’„⁸2‘35.J⁰3331
2448 1790 2502 1894 ἲ
2533 1771 2866 1896 Ῑίἕξὲἔῖςι-ἓῗ

487 1882 836 2033 ‘gaigal-es
873 1863 1099 1963 tznuisse
1149 1862 1288 1986 lelgit
1337 1863 1492 1967 buzi.
1546 1909 1618 1965 ad
1653 1860 2003 1974 phaed-uqa,
2072 1926 2116 1962 α.
2170 1907 2335 1982 quod
2384 1881 2867 1980 praeferendum

448 1999 504 2035 vt
551 1991 696 2035 etur.

515 2050 592 2106 V.
631 2051 748 2105 132.
820 2046 1235 2120 Praesentisque
1254 2050 1440 2099 oeulos
1458 2046 1801 2098 admonuisse
1816 2044 1921 2115 sui]
1947 2047 2001 2101 11.
2020 2065 2069 2101 e.
2146 2045 2435 2100 raesentia
2454 2065 2558 2102 sua
2580 2049 2863 2114 efficere,

445 2128 511 2172 ut
557 2117 784 2191 pristini
833 2119 1048 2172 amoris
1097 2117 1468 2172 recordetur.
1553 2115 1649 2171 Sic
1699 2117 1759 2168 in
1808 2115 2036 2190 Fragm.
2140 2114 2341 2169 alieut.
2378 2115 2426 2168 a.
2497 2116 2644 2167 dedit
2686 2135 2867 2167 arma

441 2205 541 2258 per
576 2205 776 2248 omnes,
827 2185 1236 2256 Admonuitque
1283 2187 1385 2240 sui.
1468 2183 1780 2234 Admonere
1830 2184 2207 2257 exquisitiore
2259 2194 2551 2256 potestate
2588 2186 2865 2252 dicitur,

446 2253 734 2330 quidquid
769 2254 970 2337 aliquo
1007 2273 1136 2308 cum
1173 2254 1379 2309 aculeo
1415 2254 1473 2308 in
1508 2251 1849 2306 memoriam
1884 2253 2058 2316 redit..
2096 2263 2186 2318 et,
2222 2263 2289 2306 ut
2313 2253 2429 2308 Cic.
2454 2253 2553 2314 ait,
2594 2255 2867 2304 animum

445 2325 713 2376 memoria
748 2326 980 2393 resne-at.
1017 2324 1064 2376 E
1112 2361 1127 2377 .
1171 2325 1269 2388 15,
1313 2327 1428 2390 104.
1466 2339 1562 2372 nec
1599 2330 1682 2381 tu,
1720 2321 2035 2372 Admoneat
2070 2321 2220 2392 quod
2253 2330 2301 2372 te
2320 2358 2334 2380 ,
2366 2322 2565 2393 pignus
2604 2323 2871 2374 amantis

445 2391 633 2446 habes.
683 2393 882 2447 Varro
932 2392 1000 2444 R.
1052 2341 1119 2447 lg.
1175 2412 1195 2444 1
1219 2431 1236 2458 ‚
1298 2409 1344 2445 1.
1415 2388 1610 2441 Annus
1656 2389 2010 2459 octogesimus
2045 2389 2303 2441 admonet
2338 2409 2454 2450 me,
2505 2401 2565 2440 ut
2598 2392 2868 2442 sarcinas

447 2460 576 2511 colli
613 2479 736 2520 am,
786 2469 1080 2530 antequam
1122 2457 1442 2531 proficiscar
1487 2475 1513 2508 e
1549 2457 1671 2508 vita.
1724 2477 1789 2514 v.
1814 2469 2058 2530 praeter
2106 2459 2301 2513 Heius.
2340 2457 2411 2512 ad
2452 2459 2501 2512 h.
2542 2460 2579 2515 l.
2616 2463 2864 2515 Manut.

441 2530 506 2583 in
592 2534 660 2584 ic.
698 2528 773 2583 ad
807 2529 939 2583 niv.
977 2526 1026 2593 11,
1068 2548 1148 2583 11.
1187 2540 1246 2584 et
1283 2528 1543 2581 Gronov.
1578 2527 1639 2579 in
1674 2526 1840 2580 diatr.
1880 2526 2025 2582 Stat.
2064 2545 2109 2581 c·
2145 2532 2179 2595 4
2218 2568 2231 2583 .
2286 2546 2345 2599 p.
2372 2530 2493 2585 322.
2561 2530 2869 2585 Constru-

447 2598 696 2723 ctio3n6em
749 2598 1041 2650 admonere
1076 2596 1314 2669 aliquem
1349 2596 1580 2665 alicujus
1614 2595 1692 2646 rei
1726 2595 2006 2668 exemplis
2059 2547 2360 2671 congrunt
2394 2599 2572 2651 Drak.
2610 2598 2689 2651 ad
2726 2599 2869 2656 Liv.

445 2684 475 2715 2
497 2704 514 2732 9
626 2702 637 2713 -
1291 2704 1298 2711 .
1392 2692 1402 2701 ⁸
2845 2690 2858 2703 s

517 2735 593 2789 V.
637 2735 748 2799 134.
823 2731 1220 2802 comminuere]
1257 2733 1292 2790 i.
1332 2751 1381 2788 e.
1417 2732 1663 2789 durities
1698 2743 1800 2787 tua
1835 2732 2155 2805 frangetur.
2202 2753 2259 2785 v.
2284 2728 2481 2789 Heins-
2501 2735 2577 2791 ad
2606 2739 2875 2797 Metam.

452 2807 742 2953 υἷ’Τρἷὅ.
817 2866 932 2937 Sic]
1003 2842 1148 2924 Cum
1183 2870 1555 2952 subiunctivo
1595 2871 1892 2942 eleganter
1938 2879 2259 2941 usurpatur
2290 2870 2349 2923 in
2395 2846 2873 2944 precationibus

449 2950 506 2995 et
541 2952 706 2998 vons-
741 2941 851 3013 Ep.
889 2941 956 3004 4,
995 2940 1111 3005 148.
1185 2936 1278 2991 Suc
1315 2940 1408 2989 taba
1449 2948 1647 3009 parcat
1680 2938 1872 2990 Amor.
1919 2940 2066 2994 Hor.
2103 2937 2289 2992 Carm.
2332 2959 2392 3006 1,
2426 2942 2497 3007 3,
2540 2961 2586 2996 1.
2664 2940 2771 2995 Sic
2814 2953 2870 2994 te

446 3008 574 3060 diva
603 3016 796 3079 potens
832 3006 1013 3077 Cypri,
1055 3007 1460 3079 Ventorumque
1494 3016 1646 3079 regat
1674 3015 1847 3077 pater.
1902 3006 2002 3061 ubi
2041 3026 2095 3063 v.
2134 3007 2332 3065 LamI).

485 3078 750 3200 dl'ssflen
793 3078 991 3142 annos]
1076 3080 1181 3132 Ov.
1218 3076 1396 3133 Trist.
1432 3080 1491 3145 4,
1527 3094 1614 3143 ιο,
1648 3092 1734 3147 77.
1774 3075 1912 3129 dicit
1946 3077 2210 3146 complere
2227 3078 2367 3146 sata
2399 3096 2520 3133 sua.
2558 3099 2615 3133 ν.
2644 3080 2873 3154 Intpp.

671 3164 721 3198 r.
759 3162 788 3194 2
861 3162 944 3199 12.
1051 3180 1062 3193 .
1205 3187 1218 3201 .
1701 3170 1705 3175 ·
2259 3170 2268 3177 ·
2662 3160 2671 3164 '

446 3163 481 3200 a
514 3188 589 3268 V.
631 3164 749 3269 238.
803 3146 1201 3281 ‚UrQ-PUQE
1246 3213 1520 3269 dicuntur
1570 3212 1799 3279 omnia,
1849 3213 2286 3286 quae-molesta
2326 3226 2385 3269 et
2436 3217 2655 3271 acerba
2695 3230 2875 3274 sunt.

441 3283 492 3335 E
543 3322 556 3337 .
593 3284 661 3348 4,
700 3300 789 3334 αι.
869 3280 1117 3340 Urimur,
1155 3285 1205 3333 et
1240 3300 1456 3333 caecum
1488 3290 1710 3353 pectora
1746 3283 1937 3335 vulnus
1969 3280 2185 3336 habent.
2228 3284 2385 3338 Flor.
2426 3303 2455 3335 2
2477 3322 2496 3351 ‚
2534 3287 2585 3341 6,
2621 3304 2686 3359 p,
2730 3289 2875 3345 265,

451 3300 656 3403 Ugebat
717 3349 952 3401 nobilem
970 3368 990 3387 =
997 3354 1264 3421 populum
1312 3351 1557 3403 oblatum
1592 3369 1763 3405 mare.
1807 3351 1912 3405 ubi
1958 3373 2014 3407 v.
2053 3351 2272 3405 Duker.
2359 3351 2465 3404 Ure
2498 3357 2649 3406 lenta
2686 3375 2875 3408 mora

447 3419 662 3483 dicitur
697 3437 808 3491 pro
845 3420 984 3469 lente
1018 3436 1124 3472 ure
1159 3436 1336 3475 mora.

513 3488 589 3544 V.
633 3492 750 3557 140.
821 3484 1006 3559 Quam
1039 3488 1151 3539 sine
1188 3497 1235 3540 te
1272 3489 1420 3558 cogis
1455 3486 1589 3556 etc.]
1656 3488 1881 3562 Supple
1917 3506 2059 3543 eam.
2107 3490 2439 3545 Pronomen
2462 3491 2527 3553 is,
2554 3511 2616 3547 se
2712 3506 2871 3550 ente

443 3557 796 3630 pronomine
827 3555 938 3625 qui,
991 3556 1292 3629 eleganter
1339 3557 1497 3613 mille
1547 3556 1695 3611 locis
1735 3558 2051 3624 omittitur,
2097 3559 2235 3625 ubi,
2298 3561 2400 3633 qui
2444 3580 2599 3617 nunc
2686 3564 2871 3619 atine

443 3626 742 3692 ocrib'unt,
837 3623 967 3678 atrii
1013 3627 1312 3682 sermonis.
1353 3625 1770 3681 consuetudine
1831 3625 1906 3681 ad.
1957 3626 2251 3681 fastidium
2292 3646 2481 3701 usque
2526 3631 2872 3688 inculcant.

441 3694 720 3766 Exempla
752 3712 795 3745 u
838 3696 973 3766 ique
1012 3707 1342 3751 occurrunt.
1381 3715 1436 3751 v.
1485 3695 1645 3748 viros
1683 3694 1909 3761 doctos,
1944 3713 2095 3768 quos
2128 3696 2289 3755 laud.
2321 3699 2537 3753 Duker.
2580 3699 2662 3754 ad
2674 3701 2873 3757 Flor-

449 3782 473 3817 ι
494 3782 605 3888 'VIJ
629 3765 1067 3913 giftfflcorpus]
1148 3833 1206 3887 h.
1258 3851 1307 3889 0.
1358 3830 1652 3913 pinguedo
1705 3831 1993 3906 corporis.
2042 3831 2287 3897 Phaedr.
2312 3834 2459 3891 Fal».
2509 3837 2575 3905 3,
2638 3858 2718 3908 7,
2805 3841 2872 3907 5,

445 3897 563 3949 Aut
597 3918 703 3977 quo
740 3900 858 3953 cabo
877 3900 1064 3968 secute
1101 3908 1314 3953 tantum
1335 3898 1617 3971 corporas?
1666 3902 1771 3955 ubi
1796 3921 1851 3957 v.
1880 3903 2082 3957 Burm.
2124 3903 2345 3959 Contra
2376 3922 2571 3977 corpus
2592 3907 2876 3961 amittere

447 3966 714 4025 dixerunt
748 3970 918 4023 Lucr.
961 3987 983 4020 1
1006 4008 1023 4034 ‚
1057 3971 1178 4026 810.
1215 3982 1274 4024 et
1310 3971 1426 4025 Cic.
1466 3968 1541 4024 ad
1575 3969 1704 4027 Div.
1736 3988 1805 4039 7,
1846 3973 1927 4027 26.

512 4037 588 4092 V.
630 4042 742 4101 ¹42⁸
808 4034 938 4087 Hoc
973 4038 1212 4107 animae]
1281 4040 1531 4105 Dicitur,
1568 4050 1634 4093 ut
1667 4038 1771 4089 hoe
1805 4039 2059 4101 muneris,
2098 4038 2203 4092 Ιιοε
2226 4042 2387 4110 juris,
2422 4042 2483 4092 id
2514 4044 2754 4111 aetatis,
2804 4046 2881 4098 id

450 4105 736 4171 praesidii,
783 4112 842 4160 et
879 4117 1130 4162 caetera.
1166 4126 1221 4163 V.
1254 4109 1453 4162 HeinS.
1495 4106 1571 4161 ad
1602 4108 1713 4181 Ep.
1747 4109 1817 4173 8,
1862 4111 1977 4176 104.

520 4173 594 4225 V.
636 4177 748 4241 143.
821 4170 1123 4243 Destituor]
1191 4175 1232 4230 i.
1275 4195 1325 4232 e.
1363 4177 1632 4231 deficior.
1676 4176 1796 4232 Liv.
1832 4178 1931 4243 25,
1982 4193 2066 4245 27.
2104 4194 2141 4226 a
2176 4186 2331 4229 tanta
2373 4190 2591 4251 repente'
2620 4182 2873 4235 destitu-

447 4249 532 4291 tus
565 4260 654 4310 spe
689 4241 1048 4313 Agrigentum
1081 4244 1323 4316 navigat.
1361 4266 1414 4297 v.
1451 4248 1647 4319 Intpp.
1688 4244 1763 4299 ad
1798 4246 1917 4302 Liv.
1960 4264 1982 4297 1
2004 4282 2022 4310 ,
2058 4244 2147 4300 51.

515 4307 778 4390 Repetam
794 4310 1129 4434 fratresque]
1163 4313 1198 4365 i·
1223 4332 1274 4367 e.
1311 4326 1523 4387 petam,
1561 4308 1657 4368 vel
1691 4313 1905 4381 abih03
1940 4331 2071 4373 nam
2086 4317 2470 4387 compositum
2494 4328 2732 4391 repetere
2760 4323 2875 4376 hie

490 4388 688 4432 onntur
721 4397 832 4451 pro
869 4396 972 4433 sun
1041 4380 1114 4433 ici
1138 4391 1314 4451 petere
1348 4382 1603 4439 abeundi
1623 4383 2054 4455 significatione.
2124 4382 2386 4455 Repetere
2414 4389 2587 4443 etiam
2624 4388 2689 4443 in
2716 4392 2873 4445 aliis

469 4446 725 4521 oquendi
775 4448 972 4505 formu
999 4450 1043 4503 's
1091 4468 1206 4523 pro
1238 4460 1415 4524 petere
1462 4450 1694 4508 dicitur.
1766 4451 1986 4508 Mutius
2020 4451 2289 4509 Ciceroni
2326 4455 2401 4511 ad
2434 4456 2565 4513 Div.
2606 4477 2666 4513 11
2698 4497 2718 4526 ,
2764 4463 2875 4519 28.
