2909 5050
208 705 929 808 Praestantissimi‚
1010 705 1567 788 humanissimi
1631 701 2282 794 Com'militoneS.

42 1035 161 1138 Ex
190 1085 471 1138 omnibus
497 1083 721 1157 poetis,
768 1083 869 1155 qui
900 1101 1263 1139 communem
1309 1085 1605 1138 bonorum
1639 1084 1922 1138 librorum
1965 1093 2219 1168 stragem
2267 1101 2458 1142 evase-

48 1157 195 1218 rint,
230 1173 355 1207 non
390 1154 539 1206 alius
570 1163 679 1216 est,
719 1155 817 1223 qui
846 1153 1279 1226 ingeniosorum
1306 1155 1602 1208 hominum
1637 1151 1888 1209 studium
1917 1151 2186 1206 blandius
2213 1153 2456 1220 alliciat,

48 1237 133 1287 et,
177 1222 287 1276 ubi
336 1224 520 1276 semel
560 1221 853 1286 allexerit,
921 1221 1137 1278 diutius
1194 1224 1673 1306 constantiusque
1715 1231 1944 1286 teneat,
1996 1239 2170 1296 quam
2217 1223 2458 1280 Ovidius

44 1296 233 1355 Naso,
276 1292 336 1344 in
363 1307 483 1364 quo
514 1291 698 1344 omnis
731 1302 891 1344 aetas
931 1291 1137 1346 mirata
1177 1302 1265 1345 est
1306 1290 1708 1346 incredibssem
1755 1291 1964 1362 ingenii
2008 1291 2158 1356 vim,
2210 1291 2457 1364 copiam,

48 1359 456 1414 amoenitatem
478 1397 495 1424 ,
534 1359 753 1439 largam
786 1374 853 1412 ac
882 1357 1115 1412 felicem
1149 1379 1343 1414 rerum
1374 1361 1774 1442 sermonisque
1800 1360 2166 1424 ubertatem,
2203 1360 2459 1424 nativam

84 1439 355 1483 raeterea
392 1427 847 1499 simplicitatem,
881 1445 1031 1502 quae
1058 1429 1235 1482 cuivis
1268 1429 1542 1501 imperito
1583 1429 1770 1483 facilis
1815 1427 2083 1485 videatur
2119 1426 2195 1480 ad
2233 1428 2458 1483 imitan-

44 1449 201 1560 i'lum,
246 1498 508 1569 quamvis
540 1495 857 1568 experienti
892 1497 965 1550 sit
994 1497 1141 1550 nihil
1166 1497 1369 1552 minus.
1438 1498 1742 1552 Accedunt
1774 1495 2039 1568 castigati
2068 1506 2125 1551 et
2154 1494 2456 1570 diligentes

47 1569 307 1632 numeri,
348 1565 448 1639 qui
483 1581 767 1638 nusquam
802 1565 1003 1630 hient,
1058 1565 1161 1618 sed
1204 1567 1324 1620 sine
1367 1583 1657 1622 concursu
1686 1565 1974 1619 vocalium
2009 1577 2068 1620 et
2111 1563 2459 1640 confragosa

51 1637 292 1689 elisione
326 1633 538 1688 leniter
570 1631 770 1688 fluant.
844 1636 1004 1690 Inter
1033 1635 1193 1689 varia
1223 1635 1409 1690 Ovidii
1446 1654 1660 1708 opera,
1709 1651 1860 1708 quae
1899 1645 2150 1688 aetatem
2177 1634 2458 1702 tulerunt,

50 1705 311 1776 inprimis
354 1703 608 1757 eminent
640 1701 940 1762 Heroides,
999 1720 1148 1776 opus
1192 1705 1459 1759 omnibus
1505 1704 1746 1778 poeticis
1797 1704 2104 1757 coloribus
2136 1703 2358 1775 pistum
2397 1713 2458 1759 et

47 1774 418 1844 variegatum·
490 1770 779 1826 Heroides
805 1784 1089 1826 vocantur
1112 1773 1249 1827 illae
1282 1773 1598 1846 epistolae,
1639 1770 1800 1847 quod
1831 1773 1991 1825 velut
2015 1772 2090 1824 ab
2116 1771 2459 1827 heroidibus

52 1841 120 1895 ad
164 1843 381 1894 heroes
426 1841 682 1912 scriptae
728 1841 1039 1920 finguntur.
1122 1842 1211 1894 Ex
1250 1841 1352 1896 illa
1400 1843 1536 1896 libri
1580 1841 1752 1896 inseri
1801 1841 1958 1894 tione
2009 1841 2146 1894 olim
2201 1842 2455 1915 suspicio

52 1911 258 1978 injecta
292 1921 378 1962 est
410 1910 543 1963 viris
579 1906 855 1974 eruditis,
910 1921 1030 1964 tres
1054 1910 1363 1982 epistolas,
1398 1929 1609 1983 nempe
1639 1911 1747 1962 XV
1781 1949 1796 1976 ‚
1822 1909 2016 1962 XVIII
2043 1918 2104 1962 et
2133 1909 2270 1974 XX,
2304 1927 2457 1986 quae

54 1980 124 2032 ab
155 1978 433 2032 heroibus
466 1979 725 2050 scriptae
767 1977 1093 2050 finguntur,
1134 1997 1251 2032 non
1287 1997 1414 2034 esse
1448 1979 1524 2032 ad
1554 1980 1820 2048 Ovidium
1865 1989 2162 2032 auctorem
2199 1977 2458 2032 referen-

56 2047 175 2100 das.
246 2047 363 2101 Sed
402 2047 544 2100 null'
592 2064 619 2098 s
648 2048 921 2102 momenti
950 2058 1348 2120 argumentum
1376 2059 1487 2113 est,
1527 2047 1688 2122 quod
1714 2063 1782 2100 ex
1813 2046 2192 2119 inscriptione
2211 2045 2458 2103 ducitur.

54 2117 195 2168 Nam
236 2115 401 2168 haud
444 2065 617 2168 duffie
661 2115 861 2172 titulus
904 2116 1148 2171 effectus
1196 2128 1285 2173 est
1316 2135 1383 2172 ex
1426 2129 1597 2190 parte
1623 2115 1900 2190 potiore,
1941 2115 2102 2190 quod
2129 2115 2458 2192 pleraeque
2559 2183 2562 2192 Ι

56 2202 87 2237 e
128 2184 337 2238 istolae
369 2183 623 2253 scriptae
659 2193 793 2237 sunt
818 2185 1059 2238 heroum
1094 2188 1344 2243 nomine.
1413 2187 1696 2260 Equidem
1737 2203 1860 2238 non
1906 2183 2197 2249 dubitem,
2255 2193 2459 2239 omnes
2511 2201 2518 2212 ⁸

54 2203 343 2336 Egiistolas
364 2252 579 2306 ovidio
608 2252 889 2318 tribuere,
934 2271 1067 2308 exce
1118 2269 1173 2310 ta
1208 2258 1313 2310 XX
1342 2257 1574 2310 Acontii
1607 2255 1681 2309 ad
1708 2255 1893 2327 cydip
1936 2273 2038 2319 en,
2079 2271 2228 2327 quae
2246 2271 2460 2326 parum

59 2321 221 2394 digna
265 2333 354 2376 est
399 2322 571 2394 genio
615 2333 673 2375 et
708 2333 1015 2377 venustate
1060 2275 1361 2378 gvidiana.
1433 2324 1758 2379 Heroidum
1799 2271 2148 2396 quibusdam
2194 2323 2459 2395 epistolis

24 2390 297 2444 2l1eroum
328 2391 567 2444 nomine
599 2407 695 2444 res
740 2391 907 2446 ondit
938 2392 1129 2446 Aulus
1154 2394 1432 2458 Sabinus,
1481 2405 1661 2472 poeta
1705 2393 1966 2465 aequalis
2007 2389 2230 2456 Ovidii,
2283 2409 2460 2464 quem

58 2459 179 2529 ipse
210 2459 411 2512 laudat
452 2461 653 2510 Amor.
716 2461 775 2518 1,
834 2461 921 2522 18,
968 2473 1051 2524 2¹7.
1134 2461 1223 2510 Ex
1252 2461 1339 2510 bis
1372 2459 1698 2512 Sabinianis
1742 2473 1864 2514 tres
1907 2461 2212 2530 Epistulae
2256 2477 2326 2514 su
2371 2477 2460 2514 et·-

24 2537 27 2586 ῥ
61 2539 207 2592 sunt,
245 2528 515 2580 duriores
542 2538 603 2579 et
628 2526 1025 2592 obscurioreS,
1050 2546 1159 2595 nee
1190 2528 1315 2583 ulla
1384 2539 1512 2581 arte
1541 2546 1668 2581 cum
1691 2524 1988 2582 ovidianis
2011 2544 2330 2599 compat-an
2373 2544 2457 2585 ae.

22 2596 244 2649 ⁴Vitam
300 2606 515 2669 poetae
560 2596 747 2649 nostri
795 2613 1037 2649 narrare
1088 2614 1329 2668 superse
1376 2614 1552 2651 emus.
1641 2599 1776 2671 Ipse
1816 2596 2093 2669 potiora,
2157 2612 2308 2668 quae
2342 2596 2459 2651 buc

55 2666 403 2733 pertineant,
446 2664 865 2735 elegantissime
892 2666 1363 2719 commemoravit
1382 2667 1552 2720 Trist-
1571 2667 1678 2730 IV,
1707 2685 1786 2721 ιο.
1851 2664 2060 2719 Omnia
2084 2683 2226 2719 vero
2257 2681 2459 2719 secun-.-

58 2734 189 2785 dum
230 2735 514 2805 temporis
541 2734 799 2787 rationes
829 2735 1255 2789 accuratissime
1301 2735 1542 2805 digessit
1579 2734 1972 2807 explicuitque
2011 2736 2270 2788 Joannes
2308 2736 2460 2789 Mas.

24 2831 27 2860 1
59 2818 262 2867 sonus,
318 2802 487 2855 euius
512 2800 653 2855 Vita
696 2803 913 2856 inserta
960 2814 1043 2857 est
1083 2802 1275 2857 Ovidii
1305 2803 1565 2857 Editioni
1605 2806 1831 2873 majori.
1902 2804 2114 2857 Varias
2152 2802 2460 2859 Editiones

58 2882 311 2925 recenset
344 2870 647 2925 Fabricius
686 2872 745 2924 in
770 2870 921 2925 Bibl.
948 2871 1145 2926 latina.
1216 2872 1334 2927 Sed
1361 2872 1614 2925 omnium
1643 2873 1828 2927 instar
1857 2882 1943 2927 est
1961 2872 2460 2943 praestantissima

22 2941 25 2944 ⁴
59 2940 508 3005 But-manniam,
544 2957 661 2992 non
690 2940 861 3013 quod,
880 2942 1123 2993 multum
1160 2941 1486 2996 ornamenti
1512 2940 1690 2996 habet
1723 2958 1754 2995 e
1786 2941 2109 3002 Burmanni,
2134 2940 2362 3011 ingenio
2397 2950 2458 2995 et

62 3007 312 3062 doctrina
332 3048 351 3074 ,
392 3008 495 3063 sed
526 3008 685 3081 quod
713 3009 972 3063 continet
1000 3009 1227 3063 Nicolai
1260 3010 1482 3065 Heinsii
1518 3022 1690 3064 notas
1721 3010 1895 3063 tertia
1971 3020 2096 3063 arte
2117 3008 2454 3073 sanctiores,

96 3096 219 3129 uam
261 3091 396 3132 ante
428 3073 617 3131 editae
649 3088 859 3133 essent.
928 3078 1041 3135 Uni
1072 3076 1309 3133 Heinsio
1347 3080 1772 3150 integritatem,
1807 3078 1906 3133 uni
1994 3076 2174 3133 einsio
2207 3077 2458 3131 salutem

59 3095 227 3201 debet
255 3146 532 3213 Ovidius,
570 3165 689 3219 quo
724 3147 859 3200 inde
892 3165 923 3199 a
954 3148 1167 3201 renatis
1207 3148 1391 3201 literis
1420 3165 1538 3200 non
1586 3148 1804 3202 exstitit
1843 3146 2073 3201 felicior
2110 3146 2456 3201 Latinorum

56 3226 355 3286 poetarum
394 3215 717 3287 sospitator
743 3227 803 3270 et
833 3217 1145 3289 interpres.
1216 3220 1337 3273 Nec
1382 3216 1622 3271 Ovidius
1652 3218 1816 3269 solus
1865 3215 2036 3269 huius
2074 3214 2262 3269 laudis
2289 3213 2455 3270 testis

60 3284 211 3336 citari
262 3295 497 3357 potest,
547 3284 653 3337 sed
696 3286 867 3340 etiam
915 3284 1231 3357 Virgilius,
1294 3286 1570 3341 Valerius
1620 3284 1898 3348 Flaccus,
1964 3284 2142 3340 Silius
2193 3284 2450 3349 Italicus,

61 3352 435 3417 ClaudianuS,
469 3351 855 3418 Prudentius,
893 3353 994 3425 qui
1034 3372 1233 3409 omnes
1266 3356 1390 3425 ejus
1413 3354 1552 3407 lima
1581 3372 1656 3425 pe
1738 3354 1862 3408 oliti
1928 3354 2250 3408 rodierunt.
2289 3353 2452 3407 Vere

59 3420 295 3483 idoneus
320 3422 456 3477 talis
486 3421 573 3475 rei
600 3422 854 3486 arbiter,
888 3424 1015 3477 Jac.
1047 3421 1427 3477 Marklandus
1456 3424 1515 3477 in
1591 3441 1689 3477 rae
1721 3460 1735 3475 .
1765 3422 1841 3475 ad
1915 3423 2040 3478 tatii
2071 3422 2266 3476 Silvus
2287 3441 2344 3493 p.
2366 3424 2448 3477 15.

58 3489 299 3557 judicat,
348 3490 669 3563 perfectam
702 3503 1014 3563 poetarum
1046 3492 1389 3545 Latinorum
1435 3492 1552 3547 inte
1579 3492 1873 3563 ligentiam
1895 3492 1990 3546 vix
2027 3492 2129 3546 uni
2177 3502 2236 3547 et
2282 3489 2454 3545 alteri

61 3559 359 3629 contigisse
380 3598 398 3625 ,
447 3571 581 3627 ante
614 3578 815 3613 omnes
846 3577 988 3613 vero
1023 3558 1217 3614 divino
1299 3560 1512 3615 uodam
1553 3579 1791 3615 munere
1821 3560 1942 3617 Nic.
1972 3561 2248 3622 Heinsio,
2282 3576 2450 3619 vero,

22 3634 121 3675 ⁴ut
162 3626 281 3696 ipse
312 3642 511 3692 vocat,
558 3626 782 3682 Phoebi
834 3630 1106 3694 alumno,
1160 3640 1218 3683 et
1315 3630 1451 3683 allio
1502 3648 1562 3683 es
1611 3632 1740 3685 sinu
1785 3630 2098 3688 innutrito,
2153 3626 2252 3702 qui
2293 3624 2454 3681 aliud

56 3710 236 3765 paene
268 3713 440 3777 agens
469 3698 641 3767 plura
677 3708 735 3750 et
764 3696 1092 3752 difficiliora
1119 3710 1427 3772 poetarum
1486 3717 1592 3754 oea
1620 3699 1979 3762 restituerit,
2027 3714 2201 3771 quam
2249 3700 2453 3750 omnes

58 3762 183 3827 alii,
222 3782 323 3836 qui
360 3784 428 3819 ex
452 3766 720 3819 instituto
753 3766 857 3819 tali
889 3767 1057 3849 operi
1100 3767 1445 3834 insudarint.
1516 3768 1634 3823 Sed
1674 3786 1805 3823 eum
1845 3764 2168 3819 Heinsianis
2212 3764 2453 3818 adnota-

60 3829 341 3896 tionibus,
376 3834 437 3887 in
466 3833 555 3885 his
636 3832 825 3887 uidem
865 3837 1161 3906 epistolis,
1198 3855 1431 3909 semper
1464 3835 1848 3911 conjungendi
1877 3844 2009 3888 sunt
2050 3833 2450 3902 commentarii

56 3900 451 3966 eruditissimi,
503 3902 587 3957 Ga
646 3904 730 3955 ica
774 3903 967 3979 lingua
1010 3906 1243 3978 scripti,
1291 3906 1560 3975 Casparis
1597 3904 1833 3960 Bacheti
1887 3903 2228 3975 Meziriaci,
2272 3914 2328 3957 et
2375 3900 2452 3956 ad

54 3966 350 4023 historiam
392 3970 837 4045 mythologicam
875 3973 1281 4029 illustrandam
1324 3975 1666 4045 comparati.
1747 3974 1986 4047 Itaque,
2047 3991 2162 4046 quo
2207 3970 2449 4028 uberius

52 4039 293 4105 mythica
324 4058 357 4093 a
387 4040 700 4094 Meziriaco
734 4042 1021 4113 explicata
1045 4054 1199 4107 sunt,
1234 4060 1304 4096 eo
1334 4043 1568 4114 parcius
1601 4056 1708 4095 nos
1746 4041 1844 4095 illa
1865 4042 2230 4117 attingemus.
2303 4040 2448 4095 Nam

52 4107 214 4161 nobis
264 4108 379 4161 hoc
422 4110 788 4179 potissimum
851 4112 1071 4183 negotii
1114 4110 1313 4166 datum
1370 4112 1792 4179 existimamus,
1859 4124 1983 4167 tum
2031 4122 2097 4165 ut
2136 4108 2449 4183 interiores

50 4186 261 4243 poetae
286 4194 493 4231 sensus
533 4178 891 4249 aperiamus,
925 4192 1171 4250 'tumut
1209 4182 1479 4255 poeticae
1523 4182 1754 4252 linguae
1799 4197 2038 4237 veneres
2075 4179 2444 4252 explicemus.

52 4243 317 4299 Ceterum
354 4264 690 4319 speramus,
728 4246 1025 4308 futurum,
1064 4263 1162 4317 ut,
1200 4252 1281 4317 si,
1322 4261 1740 4326 quantumego
1774 4250 1832 4304 in
1878 4247 2144 4303 docendo
2168 4287 2184 4313 ,
2221 4257 2448 4303 tantum

52 4330 149 4365 vos
178 4315 237 4369 in
271 4312 551 4371 discendo
586 4315 903 4372 alacritatis
941 4320 1290 4383 attuleritis,
1326 4337 1444 4374 non
1469 4320 1656 4374 'modo
1686 4320 1761 4373 ad
1795 4314 2060 4373 Ovidium
2082 4356 2101 4381 ,
2137 4316 2239 4391 sed
2271 4318 2446 4376 etiam

49 4380 119 4435 ad
140 4384 405 4457 reliquos
432 4394 639 4464 poetas
664 4384 1103 4459 intelligendos,
1153 4390 1301 4443 viam
1329 4388 1498 4443 vobis
1529 4388 1936 4453 communitam
1962 4386 2237 4459 sentiatis.
2293 4384 2298 4391 '

186 4588 421 4630 Ruhnken&
441 4588 539 4630 diet.
566 4590 610 4631 in
636 4592 715 4633 ΟΨ.
745 4591 909 4633 nereis.
1700 4627 1703 4631 -
1839 4598 1876 4663 1
