2909 5050
445 229 548 296 18
667 258 683 274 .
1403 233 1477 284 D.
1513 231 1579 286 R.
1618 201 1949 286 ISICTATA

508 388 584 444 V.
620 389 732 459 ¹37·
815 384 1146 455 Ut-superes
1175 377 1250 452 te]
1275 404 1282 408 ·
1321 382 1376 435 h.
1407 399 1459 435 e.
1491 381 1627 436 licet
1656 381 1861 437 durior
1890 382 1999 448 sis,
2036 398 2208 453 quam
2229 382 2383 438 soles
2407 397 2550 438 esse.
2592 378 2885 434 Locutio

441 476 494 508 se
527 458 704 528 ipsum
747 471 1000 526 superare
1045 450 1220 506 variis
1257 450 1446 504 modis
1474 463 1809 524 usurpatur.
1864 451 1982 503 Cie.
2028 450 2101 504 ad
2144 451 2273 505 Div.
2327 468 2421 518 12,
2476 471 2529 520 7.
2567 459 2624 500 tu
2652 447 2779 518 sac
2816 448 2889 498 in

442 525 692 598 augenda
728 519 907 596 gloriis
943 532 992 573 te
1023 521 1201 592 ipsum
1235 520 1435 576 vincas.
1514 521 1659 577 Plin.
1705 521 1773 580 H.
1803 521 1869 574 Ν.
1918 521 2021 586 36,
2071 521 2125 575 5.
2168 517 2511 581 ‘Praxiteles
2554 518 2889 570 martnorae's

439 595 618 667 gloria
644 593 912 666 superavit
947 591 1110 642 etiam
1137 598 1318 641 semet.

509 665 584 719 V.
625 684 646 717 1
696 683 739 722 1,
813 661 970 714 Colla
1021 666 1224 710 nectere
1269 659 1482 708 lacertis
1550 658 1641 712 vel
1686 658 1828 708 collo
1872 664 2075 706 nectere
2126 659 2355 707 lacertos
2419 656 2711 732 frequens
2783 665 2893 708 est

439 733 634 806 poetis
653 668 733 786 de
757 742 960 786 mutuo
994 728 1305 782 amantium
1337 728 1621 809 amplexu,
1678 729 1803 798 .Ep.
1825 727 1893 789 5,
1929 728 2015 792 48.
2096 724 2169 775 Ut
2212 734 2307 774 tua
2341 737 2464 777 sunt
2503 729 2648 778 collo
2701 725 2889 775 brac-

441 803 564 853 chia
593 818 742 851 nexa
777 817 927 851 meo.
965 797 1066 849 ubi
1098 797 1245 852 hane
1277 796 1635 850 locutionem
1666 795 1909 867 copiose
1943 793 2199 848 illustrat
2224 795 2508 850 Heinsius·

506 872 586 925 V.
624 871 744 934 142.
815 862 1216 934 Praebuerunt]
1291 865 1731 918 Observandum
1774 875 1897 928 est,
1927 863 2291 932 praebuerunt
2319 864 2645 936 penultima
2685 861 2895 916 brevi

442 939 577 995 diei.
648 939 742 994 Sic
788 933 945 1006 apud
973 933 1142 1002 Ovid.
1190 933 1454 1004 aliosque
1486 933 1765 996 dederunt,
1810 941 2075 992 steterunt,
2114 932 2469 984 condiderunt
2500 945 2608 989 etc.
2643 931 2891 1005 penul-

439 1007 576 1062 tima
611 1023 780 1061 corre
828 1015 906 1056 ta.
944 1023 997 1056 v.
1035 1003 1188 1056 Pier.
1230 1001 1303 1054 ad
1335 1003 1501 1072 Virg.
1536 1004 1683 1057 Geo,
1722 1018 1784 1066 2,
1842 1017 1955 1071 129.
2010 1001 2204 1055 HeinS.
2239 1000 2314 1055 ad
2345 1002 2451 1055 Ov.
2488 1003 2598 1074 Ep.
2630 1021 2702 1071 7,
2746 1001 2891 1053 166.

443 1088 501 1131 et
531 1075 604 1130 ad
630 1075 775 1129 Clau
818 1112 830 1122 .
865 1071 936 1126 de
964 1072 1148 1125 Laud.
1177 1070 1303 1125 Stil.
1340 1092 1360 1125 1
1383 1110 1399 1136 ,
1436 1071 1557 1142 373.
1607 1075 1620 1093 ‘
2178 1064 2186 1085 “

508 1146 582 1198 V.
625 1147 742 1210 142.
814 1140 1153 1212 Implicuisse
1195 1137 1346 1210 libet]
1417 1137 1717 1193 Interdum
1756 1155 1968 1210 prosae
2001 1138 2168 1193 etiam
2210 1139 2490 1193 orationis
2530 1139 2893 1211 scriptores

441 1225 668 1284 tempus
681 1210 1068 1294 praeteritum
1096 1219 1323 1281 ponunt
1353 1226 1465 1280 pro
1490 1209 1801 1290 praesenti.
1874 1206 1995 1260 Sed
2008 1209 2251 1261 maxime
2268 1209 2460 1279 poetis
2477 1208 2591 1259 hoe
2618 1218 2893 1278 tempus

438 1281 658 1353 placuit
689 1299 746 1334 m
820 1290 1143 1332 entametro
1181 1284 1307 1330 eum
1346 1277 1543 1330 verbis
1590 1276 1730 1335 licet,
1766 1275 1913 1333 libet.
1943 1278 2139 1346 placet,
2165 1280 2322 1342 juvat
2352 1287 2449 1329 etc.
2485 1277 2595 1347 Ep.
2633 1281 2694 1339 3,
2750 1293 2895 1328 110.

433 1351 716 1414 fallentem
779 1347 1025 1398 eseruisse
1058 1347 1202 1396 velis.
1275 1348 1384 1419 Ep.
1419 1351 1485 1412 4,
1522 1347 1609 1401 86.
1686 1343 1837 1413 Quid
1857 1347 2024 1412 juvat
2060 1346 2322 1396 incinctae
2364 1345 2544 1396 studia
2590 1361 2894 1395 exercere

438 1417 688 1476 Dianae,
727 1415 805 1467 Et
834 1414 893 1465 V
890 1414 1032 1465 eneri
1060 1432 1309 1465 numeros
1339 1415 1588 1484 eripuisse
1619 1412 1782 1464 suos?
2681 1448 2689 1457 .
2854 1412 2869 1418 ”

506 1489 581 1540 V.
623 1489 738 1552 143.
813 1481 959 1553 Stat]
1032 1484 1089 1541 h.
1123 1501 1174 1536 e.
1209 1496 1430 1537 eertum
1466 1495 1567 1538 est.
1641 1483 1757 1535 Cic.
1809 1482 1881 1536 ad
1923 1483 2049 1537 Div.
2096 1501 2163 1551 9,
2200 1491 2284 1533 ii.
2334 1480 2503 1532 Modo
2544 1481 2713 1532 nobis
2770 1490 2890 1532 stet

441 1555 610 1613 illud,
647 1573 758 1604 una
789 1553 956 1603 viuere
985 1553 1042 1601 in
1071 1551 1259 1602 studiis
1280 1554 1493 1603 nostris.
1533 1552 1653 1606 Liv.
1695 1569 1788 1616 21,
1829 1570 1911 1624 29.
1984 1549 2097 1602 Nec
2126 1545 2370 1620 Scipioni
2400 1560 2540 1602 stare
2583 1552 2887 1601 sententia

434 1631 665 1696 poterat,
711 1623 815 1676 uhi
849 1642 903 1675 ν.
943 1621 1136 1693 Sigon.
2082 1669 2087 1674 .

508 1690 649 1742 Nece
683 1688 924 1760 matura]
995 1691 1051 1744 h.
1085 1707 1134 1742 e.
1164 1689 1473 1753 festinata.
1516 1689 1709 1743 celeri.
1746 1690 1962 1745 Tibull.
1998 1693 2053 1755 4,
2089 1708 2142 1754 1,
2178 1691 2297 1745 205.
2369 1685 2475 1739 Seu
2502 1697 2735 1740 matura
2754 1687 2893 1739 dies

381 1791 408 1804 ο
439 1763 660 1813 celerem
682 1769 941 1832 properat
970 1758 1103 1808 mihi
1132 1768 1373 1808 :nor-tem.
1412 1759 1516 1811 ubi
1556 1781 1605 1814 v.
1644 1760 1902 1810 Broukb.
2046 1763 2058 1778 ’
2264 1785 2267 1801 ι

439 1899 470 1951 f
509 1827 649 1910 Nfc‘
683 1846 908 1900 pensare
933 1825 1226 1898 pudorem]
1297 1829 1329 1880 i.
1363 1846 1408 1882 e.
1434 1828 1639 1882 mortis
1658 1826 1833 1881 laude
1866 1835 2121 1901 aequare
2148 1824 2464 1899 pudicitiae
2494 1827 2750 1881 amissae
2794 1825 2893 1879 iu-

467 1915 688 1951 armam.

507 1967 582 2018 V.
627 1969 737 2032 144.
808 1964 880 2013 In
923 1965 1066 2015 necis
1120 1954 1368 2034 ele'ctum]
1439 1966 1497 2019 h.
1548 1984 1598 2018 e.
1642 1974 1707 2017 ut
1744 1983 1948 2018 necem
2000 1964 2223 2035 eligam.
2302 1963 2363 2012 In
2410 1981 2537 2016 eum
2577 1965 2885 2018 Accusat-

439 2051 674 2088 causam
713 2045 772 2089 et
799 2035 974 2087 finem
1011 2033 1307 2105 significat.
1382 2035 1585 2088 Manil.
1630 2053 1647 2083 1
1671 2072 1687 2100 ‚
1725 2035 1814 2089 88.
1886 2031 2039 2084 Fecit
2065 2041 2114 2083 et
2144 2033 2341 2103 ignotis
2366 2037 2466 2082 iter
2491 2033 2545 2082 in
2592 2051 2887 2083 commer-

439 2105 525 2155 cia
559 2103 729 2156 terris.
800 2103 961 2156 Flor.
1003 2119 1067 2166 2,
1107 2107 1158 2159 6.
1198 2102 1253 2150 in
1285 2121 1505 2152 causam
1546 2104 1674 2152 belli
1708 2100 1985 2174 Saguntus
2028 2101 2233 2152 delecta
2262 2111 2353 2156 est.
2391 2100 2495 2154 ubi
2531 2122 2586 2156 v.
2621 2103 2890 2156 Duker.

439 2171 555 2228 Alii
589 2167 782 2228 tamen
813 2170 977 2225 codd.
1012 2171 1260 2224 habent:
1296 2171 1352 2220 in
1386 2173 1531 2222 necis
1560 2173 1725 2224 electu
1748 2211 1764 2236 ‚
1804 2170 1964 2246 quod
1992 2170 2268 2241 Heusing.
2302 2169 2588 2224 defendit.
2631 2173 2891 2225 Notan—

441 2241 577 2295 dum
604 2259 746 2296 vero
789 2243 980 2290 electus
1019 2238 1151 2312 pro'
1182 2240 1448 2294 electione.
1485 2241 1671 2294 Multa
1701 2241 1813 2294 alia
1845 2249 2160 2293 occurrunt
2188 2239 2496 2303 voeabula,
2528 2258 2683 2312 quae
2717 2240 2891 2294 olim

441 2310 517 2363 ad
557 2311 744 2382 legem
779 2319 835 2362 et
866 2307 1153 2360 secundae
1201 2318 1256 2361 et
1345 2323 1548 2362 uartae
1589 2307 1991 2364 declinationis
2016 2308 2313 2361 nominum
2344 2308 2626 2372 formatae
2668 2319 2840 2362 sunt
2864 2347 2885 2371 ‚

442 2379 512 2432 de
583 2377 754 2432 uibus
783 2396 838 2428 v.
865 2376 1165 2429 Drakenb.
1199 2375 1272 2428 ad
1302 2327 1425 2430 (Ιῐιίν.
1459 2383 1489 2442 4
1512 2417 1529 2441 ,
1564 2396 1643 2447 9.·
2461 2431 2469 2441 ,
2779 2437 2796 2443 ,

505 2397 582 2502 Vl
625 2447 738 2512 145.
810 2441 1130 2513 Inscribere]
1219 2444 1327 2497 Sic.
1374 2447 1481 2516 Ep.
1534 2464 1601 2515 7,
1667 2448 1781 2516 193.
1870 2441 1983 2496 Nec
2043 2454 2324 2496 consumta
2384 2446 2530 2516 rogis
2582 2445 2889 2496 inscribar

304 2554 308 2561 .
441 2514 626 2568 Elissa
665 2511 900 2567 Sichaei.

338 2606 346 2611 ·
510 2580 818 2651 Invidiosa]
894 2583 956 2634 h.
983 2600 1032 2635 e.
1067 2599 1216 2651 quae
1257 2583 1525 2637 invidiam
1569 2581 1794 2641 conflet.
1865 2586 1969 2657 Ep.
2006 2605 2062 2655 7,
2104 2585 2221 2638 125.
2292 2582 2611 2633 Laudatrix
2664 2582 2888 2633 Venus

441 2663 517 2705 est
564 2650 1030 2704 invidiosa.n11'lu'.
1100 2652 1148 2702 E
1194 2686 1206 2699 ·
1257 2654 1324 2716 8,
1373 2657 1460 2723 49.
1533 2651 1646 2703 Nec
1691 2654 1877 2703 virtute
1918 2671 2096 2714 cures,
2148 2670 2307 2703 arma
2348 2652 2615 2703 invidiosa
2660 2653 2890 2706 tulisti.

442 2744 496 2778 v.
529 2724 791 2777 Gronov.
823 2730 881 2773 et
911 2720 1144 2771 Draken
1193 2760 1206 2771 .
1239 2718 1314 2775 ad
1345 2722 1466 2773 Liv,
1498 2739 1561 2792 9,
1603 2740 1685 2792 29.

514 2792 584 2847 V.
620 2789 733 2855 146.
788 2785 1062 2857 Carmine]
1135 2788 1364 2839 Carmen
1395 2789 1449 2840 h.
1470 2790 1509 2848 l.
1532 2802 1621 2843 est
1637 2791 1872 2855 titulae,
1911 2790 2231 2863 inscriptio·
2280 2790 2329 2841 E
2379 2825 2390 2837 ·
2422 2808 2489 2857 7,
2526 2792 2651 2862 694.
2726 2788 2889 2839 Hoc

444 2870 624 2911 tamen
660 2858 714 2906 in
749 2857 942 2907 tantuli
970 2874 1240 2907 marmore
1271 2874 1488 2909 carmen
1527 2858 1642 2912 erit.
1713 2860 1815 2913 Sil.
1837 2860 1963 2913 Ital.
2004 2880 2069 2933 9‚-
2103 2862 2221 2915 266.
2343 2859 2548 2929 ignovit
2612 2860 2887 2909 mot-iens

443 2930 756 2981 sceleratum
785 2924 1042 2993 sanguine
1073 2943 1308 2977 carmen.
1347 2927 1450 2978 ubi
1486 2948 1541 2979 v.
1579 2929 1883 2982 Drakenb.
2408 2962 2415 2971 ·
2716 2944 2721 2947 '

513 2992 795 3063 Ille-illa]
865 2996 952 3047 De
999 2992 1231 3047 duobus
1275 2995 1364 3045 ille
1411 2995 1701 3050 interdum
1738 2998 2033 3069 eleganter
2076 2997 2435 3069 geminatur.v
2488 2998 2536 3048 E
2589 3037 2603 3050 .
2638 2998 2711 3057 3,
2780 2997 2887 3051 28.

443 3066 548 3116 Ille
574 3064 748 3135 gradu
772 3062 1028 3133 propior,
1061 3063 1341 3131 sanguinis
1369 3066 1460 3115 ille
1492 3083 1680 3115 comes.
1752 3068 1884 3121 Ter.
1914 3067 2149 3120 Phorm.
2188 3083 2215 3117 2
2237 3082 2257 3113 ι’
2289 3082 2341 3128 2,
2384 3066 2462 3119 18.
2540 3014 2691 3134 auia
2710 3066 2889 3115 enim

444 3134 503 3252 ἵε.
523 3134 632 3185 illis
655 3133 866 3253 [finctus.
897 3139 1005 3251 esa.
1022 3131 1096 3252 lin
1116 3131 1428 3252 {Insuper-a
1460 3132 1680 3185 luditur.
1754 3133 1872 3188 Sed
1898 3135 2163 3213 psit-atius
2191 3134 2398 3207 priore
2439 3138 2573 3188 loeo
2606 3136 2890 3207 ponitur

483 3216 946 3257 ec.v..urm.a
1065 3241 1078 3255 .
1141 3239 1154 3253 .
2751 3236 2760 3241 -

1409 3396 1667 3511 Epist.
1735 3397 1863 3481 111.

514 3538 592 3591 V.
636 3556 682 3589 1.
751 3532 1027 3606 Briseide]
1099 3536 1304 3590 Briseis
1323 3538 1533 3595 dieitur
1552 3539 1957 3611 patronymica
1983 3539 2459 3595 sormaaBriseS.
2530 3541 2889 3613 Proprium

446 3622 658 3659 nomen
693 3614 842 3669 erat,
864 3605 1269 3677 Hippodamia.
1339 3606 1530 3678 Rapta
1579 3606 1827 3672 dieitur,
1885 3607 2050 3681 quod
2090 3610 2301 3663 Achilli
2347 3621 2552 3682 erepta
2596 3620 2731 3663 erat
2789 3611 2885 3664 ab

443 3676 899 3748 Agamemnone.
930 3694 985 3727 v.
1027 3676 1193 3729 Hom.
1222 3677 1289 3733 Il.
1321 3681 1393 3731 A.
1425 3690 1485 3731 et
1513 3676 1881 3747 Hygin.Fab.
1922 3678 2035 3731 106.
2277 3698 2289 3707 ·
2318 3704 2327 3713 =

516 3738 750 3811 Littera]
821 3742 1109 3815 Singulari
1152 3763 1395 3797 numero
1439 3764 1552 3817 pro
1595 3764 1625 3797 e
1674 3744 1877 3806 istola,
1944 3744 2104 3819 quod
2142 3750 2331 3819 poetis
2380 3748 2691 3820 proprium
2752 3759 2884 3801 est.

355 3860 366 3869 .
445 3832 498 3871 v,
533 3814 645 3885 Ep.
683 3813 750 3875 5,
790 3826 839 3865 2.
873 3815 959 3874 15,
1001 3832 1047 3869 1.
1080 3825 1138 3867 et
1173 3814 1343 3867 Vos&
1378 3814 1447 3867 de
1480 3815 1597 3871 Vit.
1630 3763 1813 3873 germ,
1848 3817 1899 3869 6.
1935 3834 1995 3886 Ρ.
2034 3816 2154 3871 328.

512 3882 588 3937 V.
627 3897 676 3936 2.
714 3877 1077 3951 ·Barburica]
1147 3882 1206 3937 h.
1237 3900 1282 3936 e.
1314 3884 1574 3954 Phrygia.
1646 3884 1789 3937 Nam
1828 3884 2081 3957 Phryges
2110 3903 2221 3958 per
2256 3885 2629 3941 ,eminentiam
2668 3903 2888 3958 quan-

447 3950 578 4003 dam
611 3948 876 3999 barbaros
904 3962 1144 4017 vocatos
1174 3968 1297 4005 esse
1319 3990 1335 4015 ,
1373 3966 1548 4023 supra
1582 3951 1901 4005 docuimus,

512 4020 590 4071 V.
624 4020 677 4074 3.
748 4015 1248 4086 Luc-rymaefecere
1278 4018 1493 4089 lituras]
1582 4021 1735 4091 Apta
1778 4019 1852 4073 ad
1892 4022 2443 4077 commiserationem
2486 4020 2887 4077 excitandam

445 4088 755 4141 liturarum
787 4088 1099 4142 excusatio.
1169 4089 1344 4142 Trist.
1378 4108 1399 4140 1
1426 4127 1442 4154 ‚
1486 4108 1505 4141 1
1532 4126 1548 4155 ,
1594 4092 1673 4147 13.
1746 4087 1889 4140 Neve
1922 4089 2207 4140 liturarum
2244 4091 2481 4161 pudeat,
2520 4093 2614 4162 qui
2659 4092 2887 4144 viderit

445 4156 589 4207 illas.
660 4154 748 4205 De
782 4156 1245 4224 lacrymis-suetas
1275 4157 1461 4208 sentiet
1486 4176 1592 4207 esse
1619 4159 1768 4211 meis.
1842 4158 1963 4211 Cic.
2010 4157 2085 4211 ad
2116 4160 2244 4213 Div.
2292 4162 2352 4225 14
2375 4198 2391 4225 ,
2446 4161 2506 4215 3.-
2540 4160 2755 4231 Accepi
2796 4163 2883 4212 ab

443 4222 1071 4293 Aristocrito-epistolas,
1107 4244 1243 4293 quas
1271 4244 1368 4295 ego
1400 4226 1655 4295 lacrymis
1681 4245 1851 4298 prope
1885 4225 2070 4284 delevi,
2104 4260 2111 4267 -

512 4292 584 4346 V.
619 4310 671 4357 7.
737 4280 905 4362 Regi]
975 4293 1011 4346 i.
1045 4312 1098 4346 e.
1139 4295 1572 4364 Agamemnoni.

512 4361 590 4415 V.
626 4376 680 4429 9.
753 4356 956 4431 SinmI]
1028 4363 1086 4415 h.
1124 4380 1175 4417 e.
1220 4362 1582 4435 simulatque·
1621 4364 1763 4421 Sall.
1804 4364 1928 4418 Cat.
1977 4384 2027 4436 7.
2078 4366 2243 4416 simul
2282 4364 2408 4417 betta·
2445 4366 2660 4437 patiens
2712 4378 2877 4420 erat.

442 4425 565 4555 {ed
595 4428 832 4563 4Ρε1ἓῗί111
892 4430 1275 4503 reperiuntur
1322 4432 1584 4505 exempla
1644 4434 1815 4489 etiam
1873 4448 1963 4510 ep.
2013 4434 2299 4490 Ovidium.
2355 4454 2409 4493 v.
2461 4437 2725 4493 Gronov,
2790 4436 2885 4491 ad

491 4515 562 4549 iv.
649 4533 666 4562 ,
744 4515 789 4553 1.
