2909 5050
444 213 545 280 '72
1406 220 1479 288 n.
1514 218 1582 270 n.
1619 213 1950 270 mcum

444 373 543 438 18,
581 374 651 443 9.'
687 380 745 426 et
791 370 922 442 Intp
969 408 981 421 .
1020 367 1094 422 ad
1128 369 1187 422 h.
1234 369 1281 444 ἱ1.
1345 366 1630 418 Audacem
1686 381 1808 426 esse
1843 365 1984 420 vitio
2036 363 2298 430 ducitur3
2335 361 2622 444 audentem
2659 363 2842 417 laudi.

440 443 529 494 De
566 441 778 494 horum
815 457 920 492 ver
966 455 1133 490 orum
1174 435 1500 492 discrimine
1538 455 1591 487 v.
1626 437 1822 492 Burm.
1861 434 1984 491 Art.
2019 436 2146 491 Am.
2185 453 2230 500 i,
2265 433 2383 490 608.
2429 435 2440 449 ‘

508 510 583 563 V.
625 511 706 568 ιδ.
782 503 1246 575 praemedicatus]
1314 505 1372 560 h.
1411 523 1461 558 e.
1514 503 1950 558 medicamentis
2001 512 2134 558 ante
2187 502 2452 556 munitus.
2522 499 2686 556 Infra
2729 519 2844 570 ¹07·

440 596 664 630 somnus
689 573 986 626 medicatus
1022 573 1237 630 dicitur
1263 573 1694 630 medicamentis
1731 571 2089 628 conciliatus.

511 647 587 703 V.
628 665 710 714 17.
798 640 1043 712 Semina]
1114 655 1247 698 sunt
1298 641 1502 698 dentes
1553 641 1823 696 draconis
1854 678 1871 707 ‚
1946 658 2013 698 ex
2067 638 2280 715 quibus
2335 638 2541 695 amati
2587 639 2850 694 homines

444 724 874 770 enascerentur.
988 741 1005 763 ι
1120 736 1125 755 1

482 783 588 839 ·V.
630 800 708 837 2ο.
786 781 965 851 Capiti
988 779 1131 850 meo]
1200 781 1257 838 h.
1294 799 1343 836 e·
1393 778 1548 836 vitae
1600 797 1780 834 meae.
1858 777 1974 832 Cic.
2031 777 2177 833 Phil.
2231 797 2326 839 ιι,
2373 779 2425 834 5.
2499 774 2618 828 Suo
2671 777 2849 846 capiti,

444 853 609 904 salvis
647 850 803 901 nobis
831 851 1111 905 ominetur.
1182 849 1340 904 Flor.
1383 869 1404 903 ι
1431 889 1447 916 ,
1493 869 1572 921 ¹7·
1621 848 1870 900 devotum
1916 846 2018 898 diis
2054 845 2311 900 Manibus
2351 846 2542 915 obtulit
2581 855 2760 914 caput.
2803 866 2849 900 v.

445 921 648 978 Heius.
688 918 761 972 ad
795 919 841 970 E
889 956 902 970 .
940 935 1026 981 2ο,
1064 935 1178 986 ¹²7·
1723 983 1728 988 α
2261 903 2325 961 0
2441 911 2445 922 '

514 989 591 1042 V.
632 1005 715 1043 22.
788 937 997 1052 Fiimr]
1078 988 1327 1058 Proprie
1363 987 1480 1040 hoc
1512 986 1700 1040 verbo
1739 985 1958 1048 utitur,
2013 996 2079 1042 ut
2111 985 2243 1038 Ter.
2281 985 2492 1041 Heaut.
2532 1003 2555 1037 1
2581 1025 2600 1047 ‚
2659 1005 2677 1036 1
2701 1021 2714 1040 .
2767 1002 2852 1054 9'.

446 1055 562 1108 Nec
582 1059 681 1124 fas
713 1073 821 1106 esse
845 1056 961 1105 ulla
997 1075 1081 1107 me
1111 1059 1381 1126 voluptate
1412 1055 1500 1106 hic
1509 1055 1652 1123 frui.
1691 1052 1792 1108 ub'i
1842 1057 2056 1110 Donat.
2107 1054 2395 1116 observat,
2446 1052 2574 1118 srui
2615 1055 2849 1133 proprie

446 1143 594 1192 esse,
633 1123 1085 1179 delectationem
1122 1143 1331 1197 capere
1370 1144 1438 1178 ex
1473 1141 1603 1178 usu.
1642 1124 1760 1177 Cic.
1805 1124 1878 1178 ad
1913 1123 2044 1180 Div.
2078 1143 2132 1192 7,
2172 1141 2218 1175 ι.
2273 1123 2382 1172 otio
2407 1120 2504 1171 tibi
2524 1123 2734 1192 perse-un
2761 1123 2857 1170 mi-

446 1193 595 1264 rifice
623 1193 792 1249 licuit.
836 1194 957 1246 Liv.
998 1210 1083 1259 22,
1125 1197 1206 1260 ι4.
1262 1193 1374 1244 Res
1394 1193 1637 1260 fruenda
1798 1193 1861 1248 is.
1915 1192 2022 1246 Ov.
2059 1209 2107 1248 2.
2143 1192 2248 1264 Ep.
2286 1208 2354 1245 ex
2388 1191 2451 1245 P.
2494 1210 2542 1254 ι,
2587 1207 2667 1242 ι2.
2725 1189 2850 1240 Huc

448 1281 546 1333 ego
573 1262 809 1321 laetitia,
867 1261 916 1310 si
944 1271 1074 1312 vetet
1094 1301 1109 1325 ‚
1146 1263 1255 1332 ipse
1268 1263 1461 1330 fruar.
1829 1259 1864 1292 ‘²

516 1333 589 1384 V.
629 1331 727 1385 23<
784 1329 1013 1380 Colchos
1061 1331 1333 1381 advertere
1372 1329 1626 1401 puppim]
1699 1329 1754 1382 h.
1813 1348 1863 1386 e.
1910 1347 2113 1382 navem
2165 1328 2237 1382 ad
2295 1327 2548 1381 Colchos
2597 1337 2851 1390 vertere,

442 1398 749 1472 adpellere
788 1397 859 1450 ad
898 1398 1249 1468 Colchidem.
1323 1401 1441 1454 Liv.
1471 1402 1559 1468 37,
1603 1415 1652 1468 9.
1690 1401 1746 1450 in
1772 1407 2028 1469 portum4
2069 1417 2226 1468 quem
2257 1398 2452 1452 ,vocant
2473 1395 2848 1457 Achaeorum,

449 1471 673 1521 classem
696 1467 935 1538 primum
967 1467 1214 1522 advertit.
1278 1467 1381 1522 ubi
1431 1487 1488 1521 v.
1535 1467 1712 1520 Drak·
1785 1467 1992 1521 Dativo
2049 1468 2160 1520 hoc
2210 1465 2452 1521 verbum
2497 1463 2686 1536 jungit
2725 1465 2851 1519 Val.

447 1539 636 1592 Flacc.
674 1541 729 1604 4,
766 1537 887 1606 733,
924 1533 1060 1585 Jam
1090 1534 1475 1604 Mariandynis
1506 1535 1735 1586 advertit
1757 1535 1954 1608 puppis
1987 1537 2181 1592 arenis⁸
2889 1541 2891 1546 “

516 1607 591 1658 V.
629 1608 713 1660 25.
787 1603 916 1654 Hoc
944 1605 1057 1656 illic
1090 1602 1285 1656 Medea
1292 1604 1395 1672 sui
1430 1602 1570 1673 etc.]
1641 1605 1676 1658 i.
1713 1623 1762 1660 e.
1803 1605 1939 1658 talis
1967 1624 2003 1658 a
2046 1617 2100 1658 te
2133 1605 2454 1659 existimata
2473 1622 2622 1665 sum,
2665 1600 2853 1671 qualis

446 1669 601 1728 nunc
640 1673 999 1728 existimatur
1030 1691 1181 1728 nova
1217 1685 1401 1744 nupta
1439 1675 1671 1728 Creusa·
1757 1678 1845 1728 De
1886 1669 2281 1746 eleganti‘usu
2329 1673 2590 1728 neutrius
2629 1670 2855 1743 generis

448 1744 509 1797 in
585 1741 990 1798 ronominibus
1028 1743 1131 1792 lzoc
1168 1753 1235 1797 et
1264 1741 1414 1824 quod
1447 1760 1626 1814 supra
1663 1740 1922 1797 diximus.
2262 1779 2268 1786 .

578 1850 592 1865 .
644 1828 728 1876 27.
814 1808 1064 1880 Ephyre]
1150 1810 1472 1884 Antiquum
1519 1829 1732 1864 nomen
1783 1811 2069 1866 Corinthi.
2175 1812 2324 1866 Hinc
2361 1810 2419 1862 E
2452 1809 2690 1878 hyrueus
2743 1826 2852 1879 pro

451 1867 1050 1935 Corinthiacus.20v.
1086 1880 1213 1934 Art.
1252 1882 1377 1935 Am.
1419 1900 1474 1940 ι,
1527 1881 1647 1936 335.
1747 1879 1990 1934 Bimaris
2030 1879 2344 1935 Corinthus
2394 1829 2638 1940 dicitur,
2695 1876 2856 1946 quod

426 1949 556 2005 ,sita
594 1959 719 2002 erat
754 1947 813 2000 in
847 1948 1057 2000 isthmo
1098 1947 1496 2012 Corinthiaco,
1533 1967 1706 2021 quem
1745 1948 1958 2021 duplex
1993 1965 2185 2016 mare,
2221 1952 2476 2025 Aege-um
2517 1960 2574 2002 et
2609 1949 2855 2010 Ionium,

450 2016 725 2072 alluebat.
784 2035 837 2070 v.
874 2017 1015 2073 Met.
1052 2018 1104 2082 6,
1140 2019 1261 2090 419,

524 2084 748 2154 Scythia
779 2094 929 2136 tenus
960 2085 1053 2135 ille
1079 2085 1271 2137 nivosa
1307 2088 1480 2138 Omne
1513 2084 1671 2154 tenet]
1710 2086 1765 2138 h.
1787 2103 1836 2138 e.
1879 2104 2110 2140 omnem
2143 2086 2301 2140 illam
2337 2086 2633 2158 regionem
2669 2101 2857 2157 usque

454 2153 528 2208 ad
566 2155 821 2209 nivosam
860 2154 1151 2224 Scythiam
1189 2166 1361 2210 tenet.
1431 2157 1636 2227 Pomp.
1675 2155 1811 2208 Mel.
1853 2174 1901 2219 1,
1948 2177 1994 2210 ι.
2045 2153 2218 2205 Omne
2247 2155 2409 2227 igitur
2436 2154 2539 2204 hoc
2565 2173 2736 2204 unum
2769 2161 2858 2206 est,

450 2224 555 2278 uhi
602 2245 654 2279 v.
706 2223 827 2279 Jac.
884 2223 1142 2276 Gronov.
1212 2224 1311 2278 Sic
1366 2226 1550 2274 omnia
1604 2243 1714 2296 pro
1756 2223 2024 2278 omnibus
2071 2223 2216 2276 locis
2267 2243 2360 2296 ap.
2400 2223 2538 2276 Val.
2575 2225 2769 2276 Flaco..
2808 2240 2857 2285 2,

452 2295 574 2348 582.
646 2289 762 2345 Sed
800 2292 1009 2345 melior
1043 2303 1129 2346 est
1162 2293 1365 2358 lectio,
1402 2313 1577 2366 quam
1619 2311 1649 2346 e
1687 2293 1848 2346 MSS.
1887 2291 2135 2362 vestigiis
2172 2292 2564 2352 elicitHeins.,
2605 2289 2860 2361 Scythiae

454 2370 595 2413 tenet
620 2360 710 2410 ille
738 2359 955 2410 nivosae
994 2358 1167 2413 Omne
1202 2362 1363 2414 latus.
1438 2361 1614 2412 Latus
1643 2359 1896 2430 Scythiae
1924 2364 2166 2434 ponitur
2200 2379 2310 2433 pro
2351 2361 2600 2430 Scythia.

521 2430 595 2485 V.
635 2446 720 2500 29.
792 2429 1008 2498 Accipit
1036 2428 1293 2500 hospitio]
1326 2431 1459 2484 Non
1495 2432 1680 2484 solum
1721 2427 1966 2501 excipere
2003 2431 2246 2485 verbum
2285 2431 2578 2497 convivale
2613 2441 2722 2492 est,
2760 2426 2859 2479 sed

456 2498 628 2554 etiam
665 2497 900 2569 accipere
934 2508 992 2551 et
1017 2499 1295 2565 suscipere.
1339 2501 1478 2553 Hor.
1535 2518 1584 2555 2.
1654 2499 1838 2553 Serm.
1875 2501 1939 2563 8,
1994 2500 2078 2567 67.
2162 2497 2232 2553 Ut
2273 2518 2369 2570 ego
2410 2498 2649 2569 accipiar
2695 2499 2859 2547 laute.

454 2569 611 2623 Suet.
650 2568 780 2620 Oth.
815 2570 867 2634 4.
908 2564 1129 2635 Quoties
1160 2586 1328 2627 coena
1346 2570 1646 2641 principem
1689 2568 1968 2639 acciperet.
2003 2590 2053 2622 v.
2073 2571 2274 2623 Burm.
2293 2568 2366 2623 ad
2383 2572 2436 2623 h.
2454 2569 2492 2621 l.
2523 2579 2584 2621 et
2611 2565 2858 2621 Lacerd.
2887 2572 2889 2577 “

456 2636 531 2691 ad
572 2637 731 2709 Virg.
766 2636 911 2689 Aen.
951 2636 1005 2699 3,
1042 2636 1163 2693 353.
1414 2682 1421 2685 .

525 2706 598 2758 V.
638 2707 721 2759 30.
794 2704 1037 2774 Corpora
1064 2702 1271 2772 Gmla]
1341 2706 1455 2759 Per
1489 2705 1860 2778 periphrasin
1897 2705 2173 2775 dicuntur
2211 2707 2436 2761 Graeci.
2507 2706 2603 2761 Sic
2641 2707 2744 2777 Ep.
2780 2724 2858 2769 ιν,

459 2792 573 2846 ¹¹9·
612 2772 855 2823 coelestia
880 2790 1107 2843 corpora
1139 2786 1274 2828 sunt
1298 2778 1482 2829 Deae.
1531 2775 1695 2846 Virg.
1725 2776 1867 2831 Aen.
1899 2794 1948 2841 7.
1973 2776 2092 2846 649.
2131 2774 2384 2846 Excepto
2415 2774 2710 2827 Laurentis
2743 2790 2863 2825 cor-

450 2859 583 2913 pore
627 2839 798 2891 Turni
828 2842 885 2895 h.
916 2860 965 2895 e.
995 2842 1011 2893 i
1058 2859 1122 2895 so
1156 2844 1373 2897 Turno.
1411 2863 1464 2899 v.
1499 2844 1714 2897 Muret.
1750 2844 1891 2897 Ver.
1924 2844 2081 2897 Lect.
2121 2848 2174 2907 3,
2200 2846 2249 2910 4.

526 2908 674 2960 Picti
719 2911 824 2960 tori
868 2920 1001 2963 sunt
1060 2912 1171 2964 ecti
1198 2912 1421 2983 instrati
1452 2911 1740 2970 vestibus,
1793 2930 1938 2982 quas
1979 2913 2330 2985 Phrygiones
2378 2932 2486 2967 acu
2531 2913 2866 2985 pinxerunt.

456 2981 666 3033 Lucan.
700 2997 745 3038 2,
776 2981 894 3047 357.
983 2975 1108 3031 Stat
1134 2989 1315 3040 torus,
1363 2991 1411 3031 et
1436 2980 1582 3049 picto
1615 2989 1777 3030 vestes
1811 2980 2147 3031 discriminat
2181 2999 2333 3037 auro,
2408 2982 2566 3035 Infra
2609 2985 2698 3039 52.
2757 2979 2868 3029 tori

451 3048 721 3118 purpurei.
795 3050 881 3100 De
914 3049 1145 3119 pictura
1176 3050 1230 3101 in
1261 3050 1441 3103 textili
1477 3068 1526 3102 v.
1555 3050 1689 3101 Jun.
1723 3046 1792 3099 de
1821 3050 1961 3101 Pict.
1995 3051 2220 3129 Veh-p.
2243 3050 2331 3103 86.

527 3118 601 3169 V.
638 3117 720 3171 32.
794 3115 990 3174 Mentis
1014 3116 1197 3184 ruina]
1265 3119 1369 3169 Est
1404 3118 1609 3171 mentis
1645 3117 1895 3180 eversio,
1909 3118 2285 3189 ,gravissimus
2311 3117 2527 3189 lapsus.
2581 3118 2870 3173 Similiter

458 3184 531 3239 de
564 3195 755 3238 aetate
781 3184 941 3234 ruina
980 3182 1193 3237 dicitur
1232 3204 1273 3235 ι.
1303 3186 1494 3265 ῌΡ.θι
1517 3186 1686 3239 Pont.
1715 3188 1770 3251 4,
1797 3188 1832 3240 6

526 3255 601 3307 V.
630 3253 716 3308 33.
795 3252 866 3303 Ut
900 3252 1033 3310 vidi,
1093 3261 1153 3301 ut
1182 3253 1354 3322 perii,
1422 3272 1518 3303 nec
1561 3252 1699 3303 notis
1739 3252 1954 3322 ignibus
1996 3252 2126 3321 arsi]
2211 3253 2266 3310 h.
2309 3272 2359 3310 e.
2406 3254 2768 3325 simulatque
2819 3267 2868 3309 te

457 3320 606 3379 vidi.
645 3321 792 3391 perii
832 3339 975 3393 prae
1010 3339 1210 3375 amore
1241 3322 1347 3377 tui.
1417 3322 1685 3377 Imitatur
1710 3323 1870 3394 Vug.
1901 3322 2025 3376 Ecl.
2060 3324 2116 3385 8.
2149 3324 2244 3389 45.
2273 3322 2360 3373 Ut
2385 3322 2511 3381 vidi,
2540 3332 2599 3373 ut
2617 3322 2790 3393 perii,
2819 3333 2872 3373 ut

458 3408 543 3441 me
572 3390 752 3440 malus
773 3390 993 3440 abstulit
1016 3384 1201 3439 error!
1284 3390 1396 3469 Qui
1427 3388 1578 3443 illud
1604 3391 1805 3447 sumsit
1833 3409 1864 3444 e
1894 3378 2234 3454 Theocrito,
2282 3390 2490 3463 Eidyll.
2526 3392 2591 3454 3,
2627 3395 2721 3467 43,-
2806 3390 2868 3451 ὥς

458 3457 607 3521 ἴδον,
648 3456 709 3515 ὥς
746 3457 950 3525 ἔμάνην.
986 3478 1039 3510 v.
1070 3459 1265 3520 Heius.
1297 3459 1370 3513 ad
1401 3460 1453 3515 h.
1491 3459 1528 3512 l.

528 3528 605 3580 V.
640 3526 722 3595 34.
796 3524 894 3577 Ad
910 3539 1139 3597 magnos
1166 3526 1341 3597 Deos]
1412 3528 1446 3581 i.
1477 3546 1525 3584 e.
1566 3526 1722 3599 apud
1751 3528 2013 3594 Deorum
2055 3538 2312 3596 statuas,
2351 3530 2446 3583 vel
2494 3527 2550 3581 in
2592 3530 2864 3583 Deorum

459 3596 707 3667 templis.
747 3616 799 3651 v.
833 3605 1018 3650 notat.
1050 3594 1123 3653 ad
1149 3598 1259 3669 Ep.
1300 3618 1367 3661 ι,
1408 3598 1491 3651 26.
2083 3646 2090 3653 .

525 3666 596 3717 V.
635 3666 717 3719 36.
788 3662 1141 3716 Abstulerant
1172 3664 1341 3735 ocule]
1411 3666 1539 3735 hee.
1579 3664 1636 3719 in
1675 3677 1732 3719 te
1771 3664 1958 3719 solam
1999 3678 2348 3725 averterant.
2417 3670 2504 3721 De
2552 3666 2864 3739 elegantia,

461 3748 615 3806 quae
646 3744 735 3787 est
762 3734 821 3787 in
850 3734 1031 3786 verbo
1066 3733 1297 3801 auferre,
1330 3756 1381 3789 v.
1419 3745 1538 3789 not.
1559 3733 1636 3787 ad
1668 3736 1777 3805 Ep.
1801 3736 1853 3797 6,
1892 3736 2006 3805 133,

532 3803 602 3854 V.
639 3802 727 3868 37‘,
796 3800 948 3852 Bene
978 3803 1117 3852 celat
1144 3802 1410 3873 amorem]
1496 3800 1646 3853 Bene
1678 3800 1959 3874 significat
1987 3802 2264 3871 multum,
2303 3803 2490 3859 valde.
2563 3805 2866 3877 Expressit

460 3871 697 3930 Terent.
731 3869 913 3929 Andr.
953 3889 999 3933 1,
1036 3889 1083 3932 ι,
1119 3874 1234 3939 104.
1280 3871 1410 3923 bene
1440 3870 1840 3922 dissimulatum
1872 3890 2118 3923 amorem
2148 3882 2199 3923 et
2225 3874 2456 3925 celatum
2485 3873 2707 3928 indicat.

528 3940 599 3994 V,
622 3940 706 3994 38.
778 3937 1003 3989 Eminet
1023 3939 1287 4007 flamma]
1358 3942 1578 4005 Burm.‚
1612 3952 1685 4007 ‘ut
1708 3940 1887 4015 magis
1955 3941 2229 4008 oeticam‚
2263 3943 2526 4013 praefert
2556 3940 2708 3996 Edd.
2768 3961 2860 3995 ua-

458 4007 704 4060 rundam
738 4008 1085 4079 scripturam
1118 4008 1291 4061 enitet.
1376 4008 1492 4064 Sed
1530 4028 1600 4063 ne
1630 4011 1772 4064 haee
1807 4010 1905 4083 qui
1951 4029 2040 4065 em
2068 4011 2204 4063 satis
2235 4022 2389 4083 apta.
2451 4010 2725 4065 Revocan
2770 4030 2860 4065 um

463 4086 587 4131 erat
617 4076 877 4139 verbum,
918 4074 1077 4149 quod
1110 4079 1357 4149 proprie
1386 4077 1602 4131 dieitur
1631 4078 1697 4131 de
1743 4077 1977 4133 flamma
2011 4078 2206 4137 subito
2239 4098 2398 4135 erum
2450 4092 2614 4141 ente,
2653 4081 2860 4132 emicat.

459 4144 673 4197 Lucan.
716 4165 762 4213 ι,
804 4146 925 4199 533.
1000 4142 1159 4195 Nunc
1188 4164 1376 4216 sparso
1405 4147 1609 4199 lumine
1642 4149 1754 4199 lum
1797 4167 1858 4199 as
1891 4146 2135 4202 Emicuit
2163 4151 2332 4207 coelo,
2455 4150 2566 4223 leg.
2597 4148 2668 4203 de
2684 4150 2858 4203 Phoe·

460 4212 589 4263 nice
616 4214 703 4279 44.
774 4213 854 4264 Et
870 4212 1043 4294 primi
1068 4212 1284 4265 emicuit
1309 4214 1532 4265 luminis
1561 4229 1698 4265 aura
1761 4216 1890 4278 evis,

532 4280 603 4333 V.
642 4282 745 4352 39„
798 4281 1017 4333 Dicitur
1046 4281 1247 4332 interea
1282 4284 1380 4333 tien·
1409 4282 1530 4405 [ωτι]
1599 4280 1726 4334 Lex
1750 4284 1996 4356 ponitur
2029 4303 2141 4357 pro
2175 4284 2531 4352 conditione,
2564 4298 2630 4341 ut
2669 4305 2854 4359 saepe.

462 4346 659 4412 Dicere
690 4352 859 4420 legem
888 4350 1173 4424 significat
1208 4352 1467 4405 scribere
1525 4369 1704 4423 egem.
1778 4355 1918 4408 Met.
1958 4354 2042 4416 13,
2087 4372 2206 4421 702.
2277 4354 2481 4428 Legem
2507 4356 2612 4407 sibi
2643 4356 2858 4407 dixerut

463 4416 590 4487 ipse.
661 4418 793 4471 Vim
824 4420 1223 4489 exemplorum
1244 4418 1420 4474 habet
1450 4422 1644 4475 Heius.
1676 4420 1748 4474 ad
1775 4423 1831 4477 h.
1868 4421 1908 4474 l.

381 4537 388 4542 ,
482 4490 487 4497 ’
538 4484 611 4543 Ut
644 4484 1076 4554 duruferorum]
1147 4488 1363 4553 Burm.‚
1404 4490 1589 4548 minus
1633 4489 1874 4573 capiens
1919 4490 2089 4559 hujus
2129 4490 2246 4545 loci
2295 4508 2562 4556 sensum,
2631 4506 2664 4543 e
2700 4486 2851 4547 MSS.
