2909 5050
997 279 1243 335 mov.
1281 279 1455 333 HER.
1494 279 1569 334 11.
1936 301 1941 307 ⁸
2370 275 2477 340 13
2500 289 2515 294 “

156 433 321 486 Totis
361 451 499 505 quae
531 432 824 504 praesidet]
893 431 1121 505 Nuptiis
1189 431 1522 488 raes'idebat
1548 435 1701 488 Juno
1723 470 1740 500 ,
1781 437 1931 506 quae
1962 449 2087 486 eam
2106 431 2186 486 ob
2229 449 2353 512 rffim
2386 451 2483 488 co-

85 505 328 558 lebatur
363 501 732 556 sub‘nomine
764 503 1110 567 Pronubae,
1194 501 1392 572 ygiae,
1429 501 1660 557 Cinxiae
1680 539 1697 569 ,
1732 501 2176 557 Domiducaem.
2200 501 2483 575 Ep.6‚43.

86 579 234 628 Fest.
265 593 324 628 v.
357 570 626 642 {lugat-ius
656 580 714 624 et
745 590 797 626 v.
829 570 1078 626 Cinxiae.
1990 618 1999 630 ,
2152 605 2159 609 -

147 644 223 696 V.
239 643 334 707 4¹²·
381 639 698 706 Tae-destrae
715 638 895 704 Deae]
932 641 966 693 i.
988 658 1038 696 e.
1059 639 1310 704 Cereris,
1331 640 1494 712 quod
1509 652 1737 711 raptam
1771 639 1946 692 filiam
1960 639 2365 712 Proserpinam
2396 658 2483 695 ac·

18 709 20 720 '
87 709 272 765 censis
291 707 480 763 taedis
516 709 839 780 quaesivit,
887 709 1043 762 unde
1093 709 1266 763 etiam
1295 709 1521 773 Graece
1552 709 1762 764 dicitur
1798 707 2097 778 δᾳδοφόρος
2114 720 2172 764 et
2202 707 2489 778 δᾳδοῦχος.

85 778 320 847 Mystico
351 777 544 900 sacra}>
580 778 611 830 i.
643 795 693 832 e.
727 777 956 831 Cereris
985 793 1147 830 sacra
1173 795 1406 843 arcana,
1439 796 1551 850 per
1578 792 1727 852 quae
1758 779 2165 848 Demophoon,
2212 789 2279 832 ut
2311 778 2487 834 Athe-

87 847 333 910 niensis,
373 847 502 914 jura
551 857 626 900 at.
655 866 704 898 ν.
736 847 974 899 Meursii
1004 845 1214 899 librum
1241 847 1587 918 singularem
1606 885 1623 912 ,
1663 864 1834 918 quem
1864 846 2153 901 Eleusinia
2174 847 2484 921 inscripsit.

148 916 223 966 V·
263 918 352 982 44.
426 915 495 964 In
518 932 726 986 poenas
754 933 864 964 non
890 915 1024 964 satis
1049 934 1186 964 unus
1212 915 1340 980 eris]
1407 917 1535 970 h.-e.
1554 934 1701 969 unus
1723 925 1812 970 tot
1837 933 2051 988 poenas
2070 915 2349 990 perferre·
2369 936 2483 971 non

18 1023 20 1026 ψ
85 985 328 1057 poteris.
365 980 514 1034 Satis
545 984 714 1037 etiam
745 983 987 1037 struitur
1021 1001 1148 1036 cum
1177 1001 1320 1055 prae
1370 1003 1448 1038 08.
1493 984 1600 1047 ad,
1639 995 1704 1038 ut
1733 986 1965 1039 Metam.
1992 987 2058 1052 6,
2095 987 2215 1052 641.
2252 986 2487 1037 satisilli

18 1049 21 1100 ἰ
88 1051 306 1118 adfata
336 1054 421 1108 vel
448 1071 616 1100 unum
651 1049 863 1101 Vulnus
897 1058 1024 1102 erat.
1073 1062 1131 1105 et
1168 1071 1295 1106 cum
1322 1005 1469 1113 gat„
1507 1055 1592 1107 uti
1614 1073 1704 1126 ap.
1736 1048 2039 1110 Sen.Med.
2072 1056 2222 1110 1008.
2251 1073 2390 1105 unus
2406 1063 2484 1106 est

18 1149 20 1178 e
84 1139 292 1191 poenae
321 1120 470 1173 satis.
507 1141 558 1173 v.
599 1121 856 1176 Broukh.
894 1119 968 1172 ad
1003 1121 1272 1202 Propert.
1317 1141 1344 1174 ω
1367 1157 1382 1180 ,
1419 1140 1517 1186 υ,
1554 1124 1639 1179 33.

18 1211 20 1248 5
153 1189 226 1244 V.
266 1193 356 1255 47.
431 1189 763 1259 Remigium]
832 1190 889 1242 h.
925 1207 972 1243 e.
1003 1207 1265 1261 remiges.
1302 1191 1418 1244 Liv.
1455 1192 1540 1252 26,
1566 1194 1648 1248 51·
1687 1191 1967 1262 remigium
1998 1192 2310 1263 classicique
2343 1193 2485 1242 mili-

18 1251 21 1316 !
89 1268 158 1308 tes
187 1258 488 1326 tranquillo
526 1261 582 1306 in
611 1259 783 1307 alaim
816 1258 992 1313 evecti.
1030 1258 1132 1311 ubi
1169 1277 1218 1310 ν.
1259 1261 1517 1314 Gronov.
1589 1263 1675 1315 Ita
1722 1275 1901 1332 supra
1945 1260 2389 1334 habuimusEp.
2424 1280 2484 1328 1,

18 1361 21 1388 ,
89 1329 207 1391 304.
253 1344 385 1376 cura
418 1326 585 1375 harae
618 1345 728 1396 pro
765 1338 1071 1389 curatore,
1108 1325 1209 1380 ubi
1237 1348 1289 1378 v.
1323 1339 1546 1382 notata.
2257 1341 2269 1396 j.

153 1397 228 1448 V.
267 1397 356 1450 50.
429 1393 770 1447 Credidimus
791 1396 972 1466 generi
1001 1395 1411 1465 nominibusque
1438 1397 1565 1466 tuis]
1633 1397 1691 1451 b.
1734 1415 1781 1452 e.
1817 1397 1987 1450 fidem
2032 1397 2135 1450 tihi
2178 1397 2487 1460 habuimus

90 1475 342 1537 propter
409 1465 600 1518 eneris
629 1475 688 1518 et
714 1467 997 1535 majorum
1031 1463 1415 1518 nobilitatem.
1468 1464 1650 1516 Genus
1674 1477 1733 1520 et
1763 1485 1961 1516 nomen
1990 1467 2210 1520 centies
2239 1468 2489 1538 jungunt

89 1545 335 1586 veterae.
420 1535 488 1585 ic.
517 1533 661 1586 Phil.
690 1534 756 1595 3,
793 1545 844 1600 4.
913 1531 1122 1582 Brutus
1143 1534 1391 1604 princeps
1417 1535 1624 1604 generis
1656 1543 1707 1584 et
1729 1535 1980 1586 nominis.
2022 1534 2180 1590 Suet.
2218 1535 2399 1607 Vesp.
2434 1539 2488 1604 4.

18 1605 22 1662 Ι
95 1604 154 1650 ob
188 1601 553 1652 humilitatem
581 1601 786 1672 generis
815 1609 864 1650 et
891 1600 1140 1656 nominis.
1179 1623 1230 1658 v.
1253 1602 1451 1657 Heius.
1480 1603 1551 1654 ad
1582 1604 1634 1656 h.
1657 1603 1694 1656 l.
1726 1615 1784 1656 et
1818 1602 1893 1654 ad
1926 1605 2089 1676 Virg.
2109 1605 2254 1659 Geo-
2284 1607 2337 1668 3,
2373 1622 2490 1666 122,

92 1739 126 1792 S
153 1671 221 1722 V.
265 1671 354 1724 52.
431 1668 662 1741 Quaque
689 1670 967 1794 jubgngur]
1038 1670 1421 1744 subintellige
1451 1680 1607 1740 parte
1643 1683 1744 1726 aut
1782 1672 1899 1738 oia,
1938 1673 2010 1726 de
2049 1692 2168 1746 qua
2204 1673 2393 1746 ellipsi
2430 1693 2486 1728 v.

131 1751 276 1794 anet.
313 1739 453 1792 Min.
636 1779 648 1792 .
731 1779 743 1792 .
819 1755 848 1792 2
886 1776 899 1791 .

155 1806 335 1872 Eunt]
408 1743 802 1862 Ire40'o4mgdo
841 1807 915 1860 'de
948 1807 1216 1880 lacrymis
1244 1808 1613 1863 manantibus
1638 1807 1883 1874 dicitur,
1940 1828 2058 1884 quo
2099 1808 2169 1863 de
2200 1809 2338 1865 rivis
2378 1809 2490 1865 dici

95 1875 394 1930 docuimus
427 1875 501 1928 ad
527 1877 642 1948 Ep.
675 1896 696 1928 1
720 1914 736 1943 ,
771 1877 856 1932 33.
890 1877 1003 1948 Ep.
1031 1881 1066 1934 8
1085 1915 1100 1940 ,
1137 1879 1222 1932 63.
1296 1875 1509 1947 Perque
1538 1878 1713 1928 sinum
1745 1881 2021 1947 lacrymae
2040 1878 2289 1948 fluminis
2318 1879 2493 1930 instar

97 1953 231 1995 eunt.
309 1945 588 2000 Similiter
616 1946 844 2018 sanguis
871 1946 946 1995 ire
982 1943 1326 2018 diciturEp.
1351 1947 1416 2008 3,
1456 1948 1555 2012 146
1584 1959 1641 2000 et
1669 1949 1731 2003 13
1750 1986 1765 2013 ,
1800 1950 1888 2004 80.
2190 1976 2194 1981 ·
2516 1955 2533 1984 ’

160 2015 230 2068 V.
270 2015 358 2070 53.
427 2017 434 2023 ’
487 2031 557 2062 uo
590 2017 712 2081 jam
745 2023 822 2064 tot
859 2013 1092 2084 pignora
1127 2014 1342 2080 nobis?]
1413 2016 1679 2070 Venusta
1728 2016 2011 2090 loquendi
2068 2015 2257 2074 ratio,
2320 2016 2495 2100 quam‘

102 2083 372 2153 exemplis
418 2083 786 2136 {lustrarunt
830 2085 1088 2138 Gronov.
1127 2083 1265 2138 Obs.
1313 2087 1383 2150 4,
1423 2100 1505 2136 21·
1554 2095 1611 2138 et
1654 2085 1851 2143 Heius.
1884 2084 1957 2138 ad
2006 2086 2062 2140 h.
2102 2086 2145 2137 l.
2194 2085 2495 2157 Significat

103 2161 281 2204 autem
310 2152 453 2204 haec
477 2151 768 2216 formula,
810 2152 904 2205 cui
935 2151 1145 2206 hono?
1182 2152 1323 2225 quid
1360 2151 1651 2224 prodest?
1700 2154 1811 2226 Ep.
1853 2157 1923 2221 4,
1968 2157 2081 2216 157.
2155 2153 2279 2223 Quo
2323 2153 2491 2219 mihi,

103 2218 240 2288 quod
261 2219 503 2290 genitor,
544 2220 636 2291 qui
662 2219 899 2290 possidet
928 2239 1196 2293 aequora,
1234 2218 1456 2271 Minos?
1494 2222 1561 2276 Α,
1585 2223 1711 2279 Am,
1744 2241 1788 2287 1,
1816 2223 1934 2278 303.
2010 2221 2132 2291 Quo
2166 2223 2293 2288 tibi,
2331 2219 2496 2273 Pasi-

97 2288 262 2358 phae,
297 2289 566 2360 pretiosas
608 2307 812 2340 sumere
856 2289 1059 2340 vestes?
1095 2292 1240 2344 Hor.
1296 2309 1338 2345 1.
1383 2290 1430 2342 Ε
1482 2331 1494 2344 .
1546 2295 1613 2355 5,
1664 2308 1741 2344 12.
1830 2289 1953 2360 Quo
2002 2291 2138 2342 mihi
2158 2292 2493 2358 fortunam,

103 2359 141 2406 si
171 2375 279 2406 non
312 2356 622 2408 conceditur
651 2356 767 2407 uti?
806 2357 906 2411 ubi
941 2381 993 2414 v.
1062 2358 1152 2411 Ill.
1191 2359 1376 2412 Bentl.
1467 2376 1539 2410 ox
1582 2379 1687 2428 quo
1721 2361 1779 2412 in
1816 2361 1923 2414 hac
1950 2359 2207 2414 formula
2238 2360 2332 2413 vel
2366 2377 2497 2418 cum

103 2433 278 2480 accus.
319 2427 416 2480 vel
452 2445 578 2478 cum
621 2427 902 2480 infinitivo
967 2428 1342 2482 construitur.
1430 2425 1991 2500 Subintelligendum
2050 2447 2191 2483 vero
2250 2429 2495 2483 verbum

100 2495 284 2615 paravi
318 2496 414 2551 vel
453 2495 612 2550 aliud
643 2507 916 2551 contexto
937 2492 1295 2569 congruens.
1325 2513 1384 2549 v.
1431 2495 1626 2551 Sanct.
1660 2496 1803 2551 Min.
1830 2499 1894 2565 4,
1946 2499 1998 2553 5.
2047 2516 2106 2571 p.
2138 2499 2258 2556 663.
2311 2508 2371 2551 et
2413 2497 2497 2553 ibi
2560 2495 2565 2504 '

143 2582 358 2617 erizon.

163 2648 236 2699 V.
269 2648 358 2713 54.
429 2644 1076 2717 Parte-qualibet·inde]
1162 2646 1220 2699 h.
1273 2664 1322 2699 e.
1370 2658 1537 2718 parte
1584 2647 1850 2721 qualibet
1902 2666 2105 2702 eorum
2149 2652 2493 2723 pignorum3

102 2732 223 2767 nam
260 2714 416 2776 inde,
455 2713 626 2779 unde,
662 2715 788 2766 hinc
835 2715 1038 2769 millies
1078 2726 1378 2787 ponuntur
1427 2734 1541 2789 pro
1590 2734 1658 2771 ex
1699 2716 1840 2783 illis,
1897 2736 1966 2771 ex
2009 2716 2261 2791 quibus,
2314 2735 2380 2771 ex
2410 2720 2495 2773 his

103 2783 366 2853 personis
398 2784 491 2837 vel
525 2784 720 2839 rebus,
769 2784 880 2837 vid.
927 2783 1088 2841 Serv.
1131 2782 1222 2905 φ
1254 2784 1412 2856 Virg.
1452 2786 1595 2838 Aen.
1644 2804 1704 2852 1,
1756 2787 1809 2840 6.
1894 2787 2087 2843 Bentl.
2126 2786 2201 2839 ad
2254 2788 2399 2844 Hor.
2446 2807 2495 2842 1.

108 2853 292 2905 Carm.
330 2870 414 2921 12,
458 2871 476 2905 1
526 2891 537 2906 .
573 2864 630 2907 et
655 2852 955 2909 Drakenb.
987 2856 1061 2906 ad
1091 2852 1151 2907 Si
1181 2854 1346 2931 ‚JtaL
1390 2872 1411 2905 1
1435 2893 1451 2917 ‚
1497 2854 1613 2909 283.
1728 2900 1739 2914 ,

166 2922 238 2973 V.
277 2921 366 2978 56.
501 2940 564 2973 oc
581 2922 756 2973 meriti
780 2924 1022 2987 summa]
1087 2922 1254 2975 Aliae
1271 2921 1643 2994 edd.legunt:
1682 2921 1813 2974 haec
1832 2924 2498 2995 meritisamma.Utrum·

108 3008 210 3063 quc
243 3002 428 3046 recte.
508 3012 560 3046 v.
609 2989 884 3063 Heusing.
944 2992 1052 3063 Ep.
1096 2990 1160 3055 3,
1209 3010 1263 3057 7.
1317 2994 1565 3060 quamvis
1618 2991 1722 3042 hoc
1765 3010 1978 3062 quoque
2034 2994 2122 3041 cul
2159 3011 2195 3042 a
2254 3004 2350 3045 tua
2404 3005 2498 3053 est.

106 3064 204 3131 Ep.
238 3077 305 3131 9,
345 3060 456 3112 106.
533 3057 702 3133 Quod¹
738 3069 794 3109 tu
834 3077 944 3109 non
983 3078 1119 3110 esses
1159 3062 1312 3126 sure,
1351 3060 1432 3110 vir
1469 3060 1570 3109 illa
1597 3060 1735 3129 suit.
1809 3064 1940 3115 Ter.
1992 3060 2082 3115 An
2127 3080 2173 3117 r,
2217 3081 2236 3115 1
2263 3102 2281 3130 ‚
2323 3065 2392 3127 δ’,
2448 3082 2501 3122 2.

137 3126 230 3177 uid
255 3135 359 3189 est,
407 3127 453 3178 si
478 3126 581 3177 hoc
608 3146 718 3177 non
751 3128 1076 3179 contumelia
1105 3136 1210 3193 est,
1246 3140 1312 3183 ut
1339 3128 1493 3183 bene
1524 3148 1555 3182 e
1585 3128 1759 3183 codd.
1788 3148 1904 3205 pro
1942 3130 2075 3180 haec
2102 3130 2283 3198 edidit
2310 3132 2497 3187 Bentl.

107 3149 304 3253 iustin.
344 3197 442 3261 18,
480 3198 528 3251 3.
567 3196 628 3245 id
691 3197 890 3247 rimum
919 3197 1044 3247 aliis
1073 3196 1240 3247 videri
1249 3198 1435 3263 saror.
1508 3198 1715 3253 Senec.
1754 3198 1827 3252 de
1860 3199 2060 3254 Benef.
2092 3216 2153 3266 2,
2190 3206 2257 3271 ὃς
2283 3220 2393 3251 non
2424 3210 2503 3253 est

109 3264 242 3316 illud
267 3265 580 3321 liberalitas.
677 3284 716 3318 n
763 3282 878 3339 qua
925 3266 1356 3320 constructione
1402 3284 1732 3338 pronomen
1779 3280 2050 3322 neutrum
2101 3268 2176 3323 ad
2218 3270 2499 3333 infinitam

112 3334 430 3389 orationem
458 3334 730 3388 refertur.
774 3354 824 3389 v.
863 3352 1010 3408 quos
1040 3333 1242 3389 laudat
1273 3336 1571 3389 Drakenb.
1611 3335 1687 3389 ad
1717 3337 1837 3392 Liv.
1872 3356 1933 3403 2,
1970 3338 2057 3393 38.
2224 3366 2226 3368 ·

171 3420 248 3473 V.
284 3421 370 3485 57.
439 3418 754 3489 Hospitium
779 3420 914 3468 lecto
945 3421 1244 3469 cumulasse
1267 3420 1470 3491 jugali]
1538 3418 1595 3475 h.
1617 3438 1666 3477 e.
1738 3423 2057 3477 raeterhos
2078 3420 2316 3491 '‘tium,‘
2338 3424 2503 3498 quod

113 3488 388 3562 praebui,
429 3488 600 3541 etiam
622 3487 892 3560 corporis
917 3488 1146 3559 copiam
1176 3487 1400 3545 fecisse.
1472 3490 1551 3544 Ut
1570 3488 1662 3557 hic
1684 3438 1871 3545 iectus
1896 3490 2057 3563 ,jngal
2092 3520 2141 3559 ·,
2196 3494 2279 3551 sic
2304 3496 2417 3568 Ep.
2441 3498 2500 3562 4,

121 3575 230 3610 121.
267 3555 428 3607 taeda
451 3556 673 3627 jugalis.
747 3556 1005 3607 Cumulus
1076 3557 1276 3628 roprie
1309 3556 1556 3621 dicitur,
1600 3558 1829 3631 quodi
1946 3559 2306 3636 qffiquupra
2341 3570 2505 3632 men-

119 3644 302 3679 suram
337 3624 624 3694 adjicitur.
659 3646 720 3681 v>
737 3628 893 3685 Fest.
924 3644 974 3677 v.
1009 3575 1367 3681 Kuctarium.
1439 3626 1583 3680 Inde
1617 3629 1834 3677 cumula
1894 3620 2337 3699 ⁷?,·„‘·‘Qe',umutare··
2361 3636 2505 3695 ‘gem-

115 3713 218 3767 per
243 3695 520 3767 significat
559 3695 809 3767 aliquam
844 3696 1234 3749 accessionem
1276 3696 1579 3762 beneficii,
1614 3696 1840 3781 gautjjl,
1877 3698 1951 3771 gl‘
2222 3698 2249 3708 ''

178 3790 250 3844 V.
283 3789 369 3844 58.
441 3786 628 3838 Lateri
661 3787 981 3837 conseruisse
1015 3783 1180 3853 latus]
1251 3787 1604 3842 Verecunda
1646 3758 1977 3861 offifflegans
2028 3778 2365 3845 concubitus
2410 3792 2505 3847 ‹le-

77 3857 377 3939 ,scriptio,
417 3857 604 3929 qualis
631 3859 738 3929 Ep.
773 3874 864 3927 19,
909 3856 1026 3911 138.
1101 3856 1266 3921 Molle
1316 3862 1461 3909 latus
1500 3858 1657 3917 lateri
1700 3858 2059 3928 composuisse
2112 3868 2237 3923 tun,
2306 3872 2364 3915 et
2411 3879 2505 3935 ap.

116 3927 285 3981 LumL
334 3928 557 3997 Fragm,
608 3945 666 3997 p.
703 3928 788 3991 42.
866 3917 1008 3974 Tum
1053 3942 1312 3995 compone
1353 3926 1498 3976 latus
1536 3926 1693 3975 lateri
1723 3936 1774 3978 et
1813 3945 1933 3976 cum
1964 3938 2177 3997 pectore
2206 3938 2407 3999 pectus,
2452 3951 2507 3987 v.

118 3994 363 4050 Broulth.
384 3994 457 4047 ad
491 3996 768 4060 Tib.·1,5,
794 3994 850 4048 8.
886 3995 987 4046 Est
1006 4006 1198 4049 autem
1224 4012 1495 4045 conserere
1528 4006 1687 4049 arcte
1718 3996 2092 4069 conjungere,
2122 3998 2505 4055 committere.

182 4088 252 4140 V.
287 4090 371 4143 61.
446 4086 532 4161 Me
561 4088 835 4153 memisse]
908 4086 1288 4141 Observanda
1315 4098 1402 4139 est
1431 4089 1709 4159 repetitio
1742 4089 1997 4159 syllabae
2021 4084 2145 4163 me,
2183 4092 2239 4143 in
2276 4090 2510 4168 qua've.

120 4167 263 4210 teres
297 4155 650 4229 elegantiam·
669 4168 996 4228 captarunt.
1065 4155 1254 4210 Multa
1287 4154 1490 4209 similia
1521 4156 2040 4261 colleffit‘Broukh.
2061 4159 2133 4213 ad
2149 4161 2276 4215 Tib.
2297 4181 2347 4229 1,
2373 4182 2419 4227 1,
2452 4166 2508 4221 3.

183 4248 254 4301 V.
290 4248 374 4314 64.-
448 4244 802 4319 Simplicitas]
872 4248 924 4301 A
965 4247 1254 4304 veteribus
1301 4246 1357 4298 in
1406 4248 1891 4321 bonam3.p3a1²tem
1934 4249 2141 4306 dicitur
2188 4252 2261 4308 de
2312 4256 2505 4321 animo

121 4314 450 4448 ξιὲἶιιξὲεὸῗιιιῐ
469 4315 592 4370 doli
610 4328 869 4390 experte.
937 4316 1316 4371 Peculiariter
1331 4315 1433 4371 illa
1465 4317 2260 4447 triffiffmr.‚p‘uenss⁸*'Qp'
2285 4343 2345 4379 12
2366 4364 2384 4392 ,
2421 4344 2507 4421 90.

183 4476 252 4532 V.
287 4479 373 4541 67.
449 4476 714 4560 Aegidas]
783 4472 841 4533 h.
876 4498 927 4539 e.
962 4490 1234 4551 posteros
1279 4478 1490 4551 Aegei,
1530 4429 1859 4565 qmzngeiei
1888 4493 2061 4562 pater
2088 4458 2147 4541 et
2172 4488 2507 4561 Demopho-

127 4544 264 4599 ontis
293 4562 434 4601 avus
467 4545 609 4615 fuit,
645 4560 715 4603 ut
748 4566 928 4621 supra
963 4566 1304 4603 monuimus.
