2909 5050
455 279 562 344 20
1369 287 1440 340 n.
1478 283 1545 335 R.
1586 281 1920 336 DICTATA

759 369 763 374 -
1383 367 1396 394 μ

441 423 621 491 'etiam
657 393 862 491 servos
895 433 1101 501 σώματα
1135 443 1365 500 vocant.
1401 455 1455 491 v.
1489 434 1662 487 Voss.
1690 432 1832 487 Inst.
1854 433 1963 507 Or.
1988 415 2050 498 4,
2095 431 2148 490 8.
2183 451 2245 503 p.
2281 407 2397 522 i8'3.
2432 394 2490 486 et
2525 409 2747 488 Gatak.
2786 424 2876 481 ad

445 505 626 560 Mare.
661 509 797 560 Ant.
842 524 863 558 1
888 543 906 570 ,
947 507 1028 561 16.

512 571 729 646 Domo]
799 575 836 630 i.
873 591 923 626 e.
961 571 1172 645 patria.
2068 597 2071 602 ·
2792 635 2804 646 ⁶

514 645 590 700 V.
627 645 715 699 38.
786 637 1012 710 Puella]
1083 641 1142 694 h.
1181 640 1388 694 e.-filia·
1460 639 1555 694 Sic
1583 655 1722 711 puer
1755 657 1927 711 saepe
1956 657 2076 713 ‚pro
2106 638 2251 698 filio.
2286 637 2601 710 Ep.16‚9o.
2638 636 2878 707 Regms

346 709 351 713 ’
447 729 714 784 agnoscor
741 729 840 782 per
863 720 996 760 rata
1029 709 1188 791 signa
1217 727 1372 778 puer.

519 783 590 835 V.
625 786 711 848 41.
785 775 952 901 [Silis]
1021 779 1282 902 Βιοιῐέιιν,
1311 778 1391 832 ‘in
1445 779 1607 847 cujus
1660 779 1884 847 jactura
1934 795 2055 831 non
2096 793 2361 852 magnum
2416 787 2504 830 est
2554 775 2875 828 damnum·

444 867 499 902 v.
535 852 734 903 Burm.
772 866 802 901 a
880 850 926 900 E
975 887 988 900 .
1201 889 1215 902 .
1514 862 1541 886 Ν

515 919 594 974 V.
631 919 719 986 43.
797 853 1255 986 Τνίεὲεῆτῖἰέηα]
1319 919 1426 971 Est
1472 916 1747 982 adversa,
1799 916 1889 968 cui
1939 917 2259 998 opponitur
2298 914 2455 968 laeta
2504 913 2561 969 h.
2608 922 2667 966 e.
2710 925 2877 982 pro·

447 1003 640 1062 opera.
711 985 877 1039 Trist.
913 985 974 1043 5,
1017 1001 1114 1050 12,
1152 987 1203 1040 6.
1279 982 1436 1036 Sorte
1468 1004 1563 1035 nec
1592 987 1706 1035 ulla
1738 1002 1861 1034 mea
1894 985 2092 1035 tristaeor
2117 1003 2223 1034 esse
2293 991 2442 1036 otest.
2482 981 2875 1053 Cic-p.Mur.

453 1074 532 1128 ¹9·
583 1053 715 1126 quid
749 1061 853 1102 tua-
875 1052 1030 1107 sors?
1066 1053 1242 1102 tristis.
1292 1073 1346 1106 v.
1383 1050 1647 1126 Inter-pp.
1687 1051 1759 1105 ad
1794 1053 1958 1125 Vir-g.
1995 1053 2115 1107 Ecl.
2148 1071 2203 1123 9,
2240 1003 2291 1106 ἔ.

524 1118 824 1190 Tenue-iter]
899 1132 988 1175 est
1008 1119 1416 1194 pertinaciter-⁴
1483 1126 1591 1194 Ep.
1628 1125 1679 1188 4.
1729 1140 1797 1174 ex
1831 1123 1895 1175 P.
1932 1125 2002 1188 6,
2052 1141 2106 1193 7.
2178 1119 2397 1172 Perstat
2438 1121 2580 1170 enim
2604 1117 2877 1183 fortuna

447 1201 636 1247 tenax.
705 1190 800 1245 Sic
828 1207 1015 1262 equus
1049 1201 1356 1244 contumax
1390 1191 1598 1244 dicitur
1642 1201 1810 1240 tenax
1880 1193 2081 1244 Amor.
2131 1193 2197 1256 3,
2234 1191 2306 1255 4,
2357 1190 2439 1244 13.
2498 1200 2557 1243 et
2592 1204 2687 1260 ap.
2728 1185 2875 1236 Liv.

447 1263 548 1332 39,
589 1261 667 1314 25.
706 1271 764 1314 et
799 1258 1017 1308 morbus
1051 1268 1220 1308 tenax
1257 1276 1350 1332 ap.
1386 1261 1547 1315 Suet.
1588 1257 1785 1322 Claud.
1828 1277 1878 1311 2.
2288 1267 2296 1270 ·

517 1331 589 1384 V.
626 1328 711 1394 44.
782 1325 1006 1394 Mollior
1041 1326 1202 1398 aura]
1277 1330 1501 1383 Dicitur
1535 1325 1821 1401 prflpera
1859 1329 2136 1386 fot-tuna.¹
2166 1326 2557 1380 translatione·
2591 1334 2802 1376 sumta
2841 1339 2879 1373 a

445 1395 870 1471 navigantibus,
909 1396 1122 1468 quibus
1143 1398 1338 1450 lenior
1380 1415 1522 1450 aura
1553 1389 2041 1450 accommodatior
2069 1405 2157 1447 est
2183 1394 2529 1449 vehementi.
2566 1393 2751 1446 Trist.
2796 1393 2835 1455 4
2859 1429 2878 1454 ,

446 1469 511 1531 5,
550 1483 632 1520 2ο.
705 1463 859 1514 Dum
893 1465 1068 1514 veniat
1093 1466 1314 1534 placido
1344 1467 1564 1516 mollior
1586 1485 1721 1516 aura
1754 1466 1874 1519 deo.
1927 1484 1980 1520 v.
2034 1463 2229 1518 Heins-
2254 1464 2329 1517 ad
2360 1464 2415 1516 h.
2458 1464 2499 1516 l.
2572 1461 2881 1517 Ovidium

445 1535 702 1590 imitatur
727 1546 908 1606 poeta
933 1525 1190 1593 inc'ertus
1217 1535 1454 1588 Anthol.
1482 1536 1581 1589 lat.
1611 1537 1645 1590 3
1664 1573 1680 1594 ‚
1724 1551 1838 1590 202.
1875 1553 1935 1605 p.
1978 1535 2095 1603 639.

515 1609 594 1658 V.
633 1604 720 1670 46.
795 1600 1116 1673 Etfueraqz
1161 1601 1398 1672 patriae]
1474 1605 1526 1657 h.
1576 1622 1623 1657 e.
1677 1605 1801 1676 ipsa
1852 1621 1969 1676 quo
2016 1620 2090 1655 ue
2135 1601 2283 1654 sensi
2322 1617 2578 1674 magnam
2668 1609 2879 1652 artem

447 1671 817 1736 calamitatis,
876 1687 1022 1744 quae
1061 1673 1306 1743 patriam
1353 1671 1587 1726 adflixit.
1661 1673 1926 1726 Imitatur
1976 1620 2141 1744 Qirg.
2182 1672 2321 1724 Aen.
2366 1687 2425 1736 2,
2460 1672 2513 1728 5.
2642 1684 2882 1738 uaeque

448 1743 558 1815 ipse
595 1739 896 1792 miserrima
933 1738 1097 1799 ezidi,⁴
1123 1739 1201 1789 Et
1237 1743 1468 1810 questum
1498 1759 1630 1810 pars
1664 1759 1867 1822 magna
1884 1740 2002 1808 sui.

513 1814 590 1869 V.
621 1814 706 1877 47.
785 1807 918 1857 Vidi
953 1805 1075 1878 ego]
1112 1808 1146 1864 i.
1163 1827 1210 1861 e.
1229 1811 1316 1863 his
1348 1811 1474 1882 ipsa
1503 1811 1685 1862 oculis
1717 1809 1865 1862 vndis
1922 1811 2062 1862 Nam
2093 1825 2296 1878 magna
2324 1807 2411 1860 vis
2438 1817 2527 1860 est
2552 1806 2611 1859 in
2645 1804 2878 1859 addito

445 1878 791 1953 pronomine
841 1895 865 1925 e
907 1895 956 1934 ο,
1026 1877 1187 1931 Rem.
1235 1879 1362 1934 Am.
1423 1897 1565 1932 101.·
1604 1877 1739 1928 Vidi
1785 1896 1915 1948 ega,
1968 1877 2117 1944 quod
2155 1879 2334 1946 primo
2357 1877 2554 1942 fuerat
2582 1875 2880 1932 sanabile,

448 1951 652 2001 vulnus.
725 1946 876 1999 Tibu
903 1945 939 2000 l.
981 1964 1040 2010 1,
1071 1951 1258 2066 3,·29.
1334 1947 1392 1996 V
1390 1946 1469 1995 ida·
1502 1965 1600 2016 ego
1633 1949 1750 2011 jam
1776 1949 2047 2014 juvenem,
2082 1946 2183 1999 ubi
2214 1946 2395 2011 mlulta
2422 1945 2692 2016 exempla
2720 1960 2881 1997 con-

445 2018 621 2092 gessit
649 2015 905 2070 Broulzb.
974 2014 1067 2067 Ad
1110 2033 1140 2068 e
1175 2017 1374 2072 Burm.
1412 2014 1485 2068 ad
1520 2016 1575 2069 h.
1617 2016 1655 2068 l.
2540 2072 2546 2080 ,
2838 2069 2845 2072 ,

512 2088 589 2143 V.
621 2087 710 2153 47.
781 2083 1062 2134 Consortes
1106 2082 1336 2154 generis]
1418 2083 1566 2140 Sunt
1613 2085 1823 2138 fratres
1848 2123 1864 2149 ,
1929 2090 2197 2134 consortes
2256 2082 2428 2146 necis,
2488 2081 2589 2156 qui
2641 2079 2881 2136 eodem

445 2153 624 2208 modo
656 2153 971 2224 perierunt.
1041 2155 1152 2225 Ep.
1198 2155 1290 2218 15,
1329 2171 1409 2226 29.
1448 2171 1667 2208 consors
1696 2153 2011 2222 patriaeque
2040 2153 2314 2222 lyraeque.
2754 2197 2773 2218 ,

515 2225 590 2276 V.
627 2225 714 2280 51.
793 2220 848 2270 T
843 2230 899 2270 ot
935 2219 1143 2292 tamen]
1212 2223 1342 2277 Hoc
1381 2222 1632 2294 perinde
1663 2235 1782 2286 est,
1822 2220 2242 2274 aesidixisset:
2298 2227 2377 2268 tot
2402 2227 2583 2270 tamen
2617 2219 2883 2268 amissos

449 2301 500 2352 et
525 2289 986 2363 compen-cavimus
1013 2309 1138 2340 uno-
1178 2291 1387 2344 Swarz.
1424 2290 1497 2344 ad
1527 2291 1672 2344 Plin.
1705 2285 1912 2362 Paneg.
1943 2290 2026 2358 37.
2098 2285 2243 2342 Nam'
2255 2287 2440 2342 verba
2468 2305 2845 2357 compensare
2865 2324 2882 2346 ,

443 2377 753 2430 repensare,
791 2365 997 2406 mutare
1031 2370 1088 2412 et
1113 2360 1322 2414 similia
1353 2359 1646 2430 duplicem
1672 2359 1963 2428 recipiunt
1997 2359 2521 2420 constructionem,
2561 2373 2747 2428 quam
2790 2357 2879 2408 ad

444 2429 503 2482 h.
532 2428 573 2482 l.
612 2427 857 2500 explicat
885 2427 1106 2492 Burm..
1137 2427 1241 2482 sed
1270 2427 1624 2481 luculentius
1654 2427 1895 2498 Magnus
1926 2426 2117 2481 Bentl.
2158 2425 2231 2478 ad
2260 2428 2404 2478 Hor.
2441 2443 2486 2478 2.
2534 2427 2734 2496 Cat-m.
2770 2428 2872 2491 16,

449 2514 533 2569 19.
583 2499 642 2551 et
686 2513 735 2551 2.
782 2493 963 2549 Serm·
1007 2511 1060 2563 7,
1116 2513 1228 2567 109.
1301 2497 1461 2550 Vell.
1514 2495 1737 2552 Patere.
1786 2509 1851 2558 2,
1915 2512 1995 2547 21.
2070 2497 2220 2562 cujus
2281 2493 2522 2546 interitus
2585 2497 2874 2567 voluptas

447 2565 766 2616 amissorum
797 2572 892 2613 aut
910 2564 1096 2633 gladio
1123 2574 1218 2613 aut
1245 2566 1432 2615 morbo
1464 2563 1657 2613 civium
1678 2581 1850 2635 paene
1888 2564 2092 2613 damno
2118 2572 2399 2634 repensata
2424 2572 2517 2619 est.
2556 2574 2617 2618 et
2667 2583 2716 2617 c.
2757 2566 2870 2620 88.

441 2642 849 2707 praematuram
877 2641 1102 2681 mortem
1131 2632 1429 2683 immortali
1455 2632 1688 2683 nominis
1714 2634 1799 2702 sui
1819 2633 2065 2702 pensavit
2084 2633 2366 2684 memoria.
2404 2631 2553 2689 Add.
2572 2636 2873 2689 Gronov.

445 2704 693 2758 Observ.
733 2706 802 2769 4,
844 2702 923 2754 13.
967 2712 1025 2755 et
1060 2701 1324 2774 Interpp.
1350 2701 1422 2753 ad
1454 2702 1559 2754 Ov.
1590 2704 1729 2755 Met.
1764 2718 1836 2771 7,
1874 2706 1963 2755 60.

515 2772 591 2826 V.
630 2772 714 2827 53.
785 2766 1036 2839 Juratus]
1107 2772 1305 2824 Active
1345 2788 1411 2823 ca
1441 2769 1687 2826 iendum
1726 2787 1839 2843 pro
1888 2789 1979 2830 eo,
2021 2770 2112 2839 qui
2142 2770 2379 2837 juravit,
2426 2781 2495 2825 ut
2527 2770 2747 2825 Amor.
2801 2787 2878 2835 2,

451 2845 634 2961 13,Ε2.
671 2850 728 2893 et
769 2838 962 2891 multis
1003 2838 1126 2892 aliis
1174 2839 1337 2894 locis.
1464 2856 1493 2891 e
1537 2838 1975 2893 constructione
2010 2842 2197 2907 jurare
2227 2856 2327 2909 per
2356 2858 2553 2889 numen
2603 2839 2883 2893 diximus

445 2928 480 2963 a
649 2948 662 2962 .
702 2926 730 2961 2
806 2912 890 2963 23.

423 3000 426 3006 ·
515 2928 708 3027 Moeris
740 2945 1002 3047 ¹aquosae]
1074 2975 1110 3033 i.
1143 2994 1195 3031 e.
1226 2975 1505 3041 Thetidis,
1546 2992 1695 3050 quae
1725 2976 1967 3030 Achillis
1996 2988 2181 3031 mater
2208 2975 2549 3031 habebatur.
2590 2978 2747 3037 Met.
2780 2994 2881 3044 ιι,

450 3047 570 3100 226.
617 3043 828 3095 -Thett's
863 3062 1131 3113 aequorea
1185 3044 1411 3099 dicitur.
1946 3068 1953 3074 '

517 3116 590 3169 V.
627 3114 714 3179 54.
799 3112 938 3163 Utile
953 3112 1142 3178 -suisse
1174 3110 1318 3183 capi]
1391 3114 1521 3167 Hoc
1552 3112 1797 3186 perinde
1821 3124 1907 3167 est
1928 3151 1944 3177 ‚
1982 3130 2047 3167 ac
2073 3112 2117 3166 si
2147 3112 2411 3169 dixisset:
2450 3114 2635 3164 utilem
2663 3115 2883 3181 ficis-se

449 3181 825 3252 captivitatem.
870 3182 1011 3234 Nam
1038 3181 1350 3235 infinitivus
1380 3183 1596 3235 centies
1626 3182 1863 3254 ponitur
1881 3195 2002 3253 ‘pro
2033 3182 2401 3236 substantivo.
2440 3184 2545 3253 Ep.
2586 3185 2687 3248 16,
2736 3185 2885 3239 233.

447 3250 608 3301 dolor·
638 3260 714 3302 est
736 3268 919 3307 meus,
957 3250 1056 3300 illa
1090 3250 1281 3301 videre.
1315 3251 1432 3304 Cic.
1471 3250 1543 3303 ad
1573 3256 1692 3305 Att.
1725 3252 1805 3316 13,
1845 3253 1926 3307 28.
1981 3268 2103 3301 cum
2149 3251 2315 3302 vivere
2358 3252 2535 3322 ipsum
2580 3260 2741 3321 turpe
2802 3253 2884 3302 sit

447 3320 618 3371 nobis.
654 3340 710 3376 v.
736 3320 841 3373 vir.
883 3317 1062 3382 doct..
1113 3336 1261 3393 quos
1295 3319 1492 3373 laudat
1519 3320 1811 3373 Drakenb.
1848 3318 1919 3372 ad
1952 3320 2073 3375 Liv.
2112 3339 2134 3372 1
2155 3357 2171 3384 ,
2207 3320 2293 3386 54.
2636 3369 2643 3379 .

515 3390 588 3442 V.
625 3389 710 3444 55.
781 3385 1060 3456 Repellas]
1131 3388 1275 3442 Cum
1304 3399 1611 3443 contextus
1641 3390 1778 3441 satis
1811 3388 2055 3452 doceat,
2109 3388 2166 3441 in
2196 3389 2324 3439 utile
2349 3389 2529 3457 fuisse
2561 3407 2678 3442 non
2725 3389 2881 3449 tibi,

449 3455 554 3510 sed
589 3456 723 3506 milae·
748 3456 1297 3529 subintelligendum
1320 3474 1445 3512 esse
1468 3496 1484 3523 ‚
1526 3458 1759 3510 omnino
1790 3457 1843 3508 h.
1868 3457 1907 3510 l.
1940 3456 2267 3510 revocanda
2294 3468 2382 3511 est
2407 3469 2677 3511 veterum
2718 3458 2883 3511 edd.

448 3525 620 3579 lectio
652 3527 909 3597 repellar,
949 3526 1037 3577 cui
1073 3523 1184 3578 viri
1238 3525 1390 3579 docti
1445 3533 1755 3598 perperam
1806 3526 2233 3579 substituerunt
2280 3544 2333 3575 re
2374 3528 2520 3577 ellus.
2587 3528 2714 3580 Nec
2762 3528 2882 3580 illa

447 3594 731 3665 scriptura
774 3595 1036 3649 firmatur
1072 3594 1336 3665 sequenti
1363 3596 1596 3665 sagias,
1648 3605 1714 3648 ut
1754 3597 1899 3650 Dan.
1946 3594 2147 3647 Heius·
2186 3605 2323 3665 puta
2373 3606 2445 3651 at.
2514 3597 2662 3649 Nam
2706 3597 2885 3649 nihil

447 3661 806 3735 frequentius
843 3674 964 3729 cst4
999 3680 1173 3735 quarn
1209 3664 1534 3717 orationem
1562 3682 1633 3717 eo
1670 3662 1849 3716 modo
1874 3663 2103 3718 mutari.
2138 3684 2191 3719 v,
2220 3666 2414 3737 Intpp.
2447 3663 2518 3717 ad
2532 3664 2653 3717 Liv.
2694 3684 2753 3731 1,
2780 3668 2884 3721 50.

443 3816 484 3873 d
518 3750 593 3868 ἲς.
631 3750 713 3804 56.
783 3746 999 3799 Mecum
1027 3747 1246 3819 fugias]
1315 3746 1531 3800 Mecum
1580 3766 1700 3802 non
1750 3765 1883 3801 cum
1903 3748 2098 3818 fugias
2132 3748 2519 3822 jungendum,
2570 3748 2681 3804 sed
2719 3768 2884 3805 curn

485 3836 546 3868 en
569 3835 650 3871 ur.

515 3913 588 3963 V.
624 3912 711 3976 57.
787 3909 920 3961 Cum
967 3911 1201 3961 crastina
1221 3912 1445 3979 fulserit
1487 3910 1623 3979 Eos]
1697 3908 1841 3976 Eos,
1871 3930 1983 3965 vox
2032 3912 2287 3977 Graeca,
2340 3928 2373 3965 a
2408 3910 2603 3981 poetis
2646 3912 2885 3965 latinis

445 3992 712 4053 recepta,
769 3978 1053 4050 significat
1098 3984 1406 4037 Auroram.
1478 3980 1754 4051 Exempla
1790 3991 1925 4034 sunt
1974 3998 2065 4051 ap.
2108 3983 2307 4036 HeinS.
2351 3981 2424 4035 ad
2460 3982 2511 4033 h.
2556 3981 2597 4033 l.
2688 3979 2885 4032 Eous

445 4066 587 4103 vet-o
626 4066 798 4103 masc.
849 4064 975 4119 gen.
1011 4060 1173 4103 notat
1210 4050 1568 4115 Luciferum,
1619 4066 1911 4119 nunquam
1949 4050 2265 4115 Auroram,
2315 4060 2381 4103 ut
2419 4050 2566 4103 male
2614 4051 2884 4121 accepit

445 4118 642 4173 Bur-m.
679 4117 752 4169 ad
781 4116 909 4169 Val.
943 4118 1148 4170 Flacc.
1170 4138 1234 4185 7,
1272 4132 1356 4172 22.
1426 4122 1493 4173 In
1526 4120 1823 4171 nonnullis
1858 4116 2015 4171 MSS.
2046 4118 2260 4189 legitur
2291 4137 2412 4168 cum
2446 4118 2686 4169 crastina
2732 4121 2883 4185 sul-

444 4184 570 4235 serae't
595 4184 748 4237 hora.
820 4184 994 4265 Quod
1024 4186 1130 4238 etsi
1157 4188 1396 4240 Heinsio
1425 4205 1544 4240 non
1576 4186 1871 4258 displicet,
1916 4197 2109 4239 tamen
2136 4186 2561 4259 repudiandum
2588 4186 2880 4242 videtur.

445 4254 589 4307 Nam
617 4253 858 4307 verbum
885 4253 1111 4326 fulgere
1136 4255 1386 4305 Aurorae
1421 4255 1723 4314 convenit..
1761 4274 1879 4337 non
1914 4254 2097 4307 horae.

511 4346 582 4400 V.
616 4346 698 4401 58.
770 4344 944 4414 Dare]
1013 4347 1258 4401 Ponitur
1289 4366 1399 4419 pro
1429 4346 1709 4407 daturum,
1746 4364 2021 4419 praesens
2056 4365 2167 4419 pro
2197 4348 2326 4413 fut.‚
2352 4359 2419 4403 ut
2446 4348 2675 4416 millies.
2720 4350 2876 4405 Cic.

446 4414 520 4469 ad
552 4414 669 4467 Att.
695 4416 760 4479 4,
804 4416 880 4468 16.
955 4415 1090 4465 Cato
1130 4425 1306 4465 tamen
1365 4414 1679 4484 adfirmat‚'
1716 4434 1769 4464 se
1822 4417 1936 4465 vivo
1979 4416 2134 4467 illum
2184 4435 2291 4465 non
2342 4416 2674 4487 triumphare
2722 4437 2876 4491 pro

443 4482 915 4553 triumphaturum.
987 4484 1148 4538 Caes.
1187 4487 1250 4537 B.
1291 4484 1357 4537 G.
1393 4490 1463 4551 4,
1504 4502 1582 4535 21.
1660 4480 1769 4552 Qui
1806 4484 2209 4553 polliceantur.
2250 4485 2459 4537 obsides
2504 4485 2636 4536 dare
2676 4496 2879 4559 atque

443 4552 668 4621 imperio
703 4548 848 4621 Pop.
874 4550 1038 4601 Rom.
1073 4553 1455 4623 obtemperare.
1494 4552 1597 4607 uhi
1632 4572 1685 4629 v.
1720 4554 1912 4607 Davi&
1946 4552 2095 4615 Add,
2130 4555 2318 4627 Intpp.
2355 4554 2430 4609 ad
2461 4554 2578 4607 Liv.
2619 4571 2682 4622 2,
2721 4558 2795 4612 5.
