2909 5050
766 270 769 280 ·
882 275 959 331 nv
992 275 1344 334 Αιιπιῑον.
1380 273 1598 332 Eme.
2269 270 2430 338 125

80 429 261 486 Deos,
297 424 531 478 medium
558 442 615 478 se
644 423 985 478 adorandum
1020 425 1333 478 adeuntibus
1358 422 1664 478 exhibebat.
1699 446 1751 480 v.
1769 425 1966 484 Heius.
1999 421 2074 480 nd
2107 426 2166 484 h.
2181 426 2239 480 ἢ.
2287 425 2435 486 Fra-.-

82 507 181 547 tres
216 497 314 552 vel
372 505 539 546 ratres
566 491 665 544 Dia·
700 494 899 550 eximie
936 491 1201 549 dicuntur
1236 493 1443 547 Castor
1495 504 1553 547 ct
1585 493 1814 550 Pollux.
1885 495 1987 550 Ov.
2021 495 2129 568 Ep.
2163 509 2231 548 ex
2263 497 2327 551 P.
2375 513 2430 566 Φ,

84 585 129 630 2,
162 565 252 620 86.
346 564 574 614 ratribus
609 563 857 615 usdmilis
876 599 893 626 ,
930 581 1061 630 quos
1090 562 1351 633 proximu
1386 563 1586 629 templu
1620 569 1847 614 tenentes
1883 577 1990 618 etc.

147 635 217 686 V.
277 633 393 705 295,
476 629 729 714 Comites]
761 682 771 694 y,
802 682 825 696 ,,
848 631 1099 696 Comites
1158 631 1582 702 magistratuum
1631 631 2072 700 provincialium
2121 632 2200 685 du
2240 631 2430 688 liciter

81 700 439 755 dicebantur.
522 703 665 755 Nam
716 699 997 755 interdum
1049 717 1118 754 eo
1166 699 1393 752 nomine
1442 698 1839 768 intelliguntur
1884 701 1955 767 ii,
2001 701 2098 774 qui
2137 719 2204 754 co
2247 709 2430 755 ortem

78 770 435 842 praetoriam
474 769 843 833 constituunt,
877 768 1180 840 praefecti,
1228 765 1455 832 medici,
1506 767 1752 833 scribae,
1787 770 2034 837 accensi,
2078 769 2430 842 haruspicem

78 855 413 910 praecones.
488 836 602 892 Sed
652 837 905 888 comitum
939 837 1169 890 nomine
1207 835 1409 896 etiam,
1461 844 1521 887 et
1555 833 1784 906 quidem
1831 839 2008 911 magis
2051 840 2317 913 proprie,
2355 837 2436 892 di-

80 917 293 959 cuntur
328 905 516 965 amici,
578 905 929 979 propinqui,
980 903 1313 978 philosoplii
1335 940 1350 969 ‚
1386 903 1766 976 grammatici,
1806 907 1904 977 qui
1939 926 2066 962 cum
2099 911 2433 992 magistratu

78 976 132 1028 in
166 975 527 1046 provinciam
561 974 1043 1044 proficiscuntur,
1075 983 1159 1042 ut⁸
1176 991 1302 1026 cum
1340 988 1409 1024 eo
1463 969 1754 1037 habitent,
1807 988 2086 1041 coenent,
2133 989 2430 1048 otiumque

82 1045 199 1111 ejus
236 1045 492 1098 suaviter
525 1043 744 1095 fallant.
815 1043 902 1096 De
936 1041 1024 1096 his
1060 1043 1255 1099 Buxm.
1308 1038 1383 1093 ad
1426 1039 1482 1092 h.
1517 1041 1557 1096 1.
1625 1039 1742 1112 Setl
1775 1044 2108 1114 explicatius
2142 1057 2202 1100 et
2236 1043 2432 1099 distin·

80 1112 221 1164 etius
256 1113 483 1166 Ernest.
520 1108 757 1163 Excurs.
798 1109 871 1163 ad
906 1109 1065 1165 Suet.
1105 1110 1229 1163 Tib.
1263 1111 1348 1176 46.

99 1214 107 1226 ·
139 1182 214 1233 V.
254 1197 371 1252 299.
442 1179 778 1250 Dignissima
868 1179 901 1232 i.
937 1197 989 1233 e.
1026 1178 1277 1234 Antonia
1313 1179 1518 1239 minor,
1553 1177 1788 1232 Antonii
1823 1179 2125 1235 Triumviri
2161 1198 2231 1236 ex
2266 1181 2432 1237 Octa-

77 1249 179 1312 via,
217 1248 457 1322 Augusti
494 1265 723 1309 sorore,
800 1247 887 1300 lia.
954 1269 1004 1308 v.
1038 1248 1196 1304 Suet.
1234 1246 1406 1320 Calig.
1446 1265 1492 1302 1.
1601 1276 1611 1289 -

138 1317 211 1370 V.
250 1318 373 1372 302.
448 1314 611 1384 Cura]
696 1315 840 1367 cum
880 1315 1121 1382 dicitur,
1171 1333 1320 1389 quae
1362 1326 1632 1380 curatur,
1685 1327 1925 1370 amatur.
1995 1317 2154 1390 Virg.
2205 1319 2328 1374 Ecl.
2377 1336 2430 1386 1,

78 1386 157 1440 58.
196 1403 414 1452 raucae,
450 1394 543 1439 tua
580 1401 745 1448 curu,
774 1385 1071 1453 palumbes.
1136 1385 1240 1439 Ov.
1275 1385 1403 1436 Am.
1448 1402 1494 1440 1,
1529 1384 1580 1444 3,
1623 1383 1702 1437 ι6.
1749 1382 1832 1435 Tu
1867 1383 2017 1450 mihi,
2051 1386 2098 1436 si
2131 1396 2239 1456 qua
2258 1384 2428 1456 fides,

79 1471 200 1504 cura
233 1454 481 1522 perennis
510 1453 626 1504 eris.
698 1451 907 1507 Graeci
960 1452 1164 1506 eodem
1210 1469 1381 1506 censu
1424 1451 1621 1505 dicunt
1668 1449 1794 1517 ἷμόν
1831 1455 2049 1520 μέλημα.
2131 1474 2184 1510 v.
2219 1454 2427 1529 Scalig.

80 1522 145 1575 ad
180 1523 346 1596 Virg.
392 1524 507 1577 Cir.
556 1523 639 1586 75.
741 1519 836 1574 Sic
871 1539 1027 1571 amor
1061 1521 1305 1586 dicitur,
1374 1519 1476 1594 qui
1514 1531 1735 1575 amatur
1753 1557 1770 1585 ,
1841 1520 2025 1571 odium
2059 1541 2169 1596 pro
2205 1523 2430 1578 homine

79 1591 303 1646 odioso.
372 1613 426 1646 v.
464 1585 759 1644 Drakenb.
799 1587 872 1642 ad
906 1589 1027 1644 Liv.
1062 1593 1117 1654 6,
1156 1606 1237 1657 ²7·

138 1660 211 1711 V.
248 1659 369 1726 304.
442 1659 659 1726 Conjux
693 1657 880 1728 magni
910 1655 1089 1727 Jooa‘s]
1158 1656 1383 1712 Dicitur
1413 1657 1591 1721 Livia,
1628 1658 1835 1726 con‘ux
1868 1657 2122 1731 Augusti.
2191 1658 2347 1714 Infra
2376 1680 2433 1720 v.

76 1729 188 1783 380.
231 1725 499 1797 Quodque
522 1727 683 1776 etiam
713 1743 911 1796 magno
942 1726 1247 1777 consociata
1274 1723 1419 1779 Jovi.
1492 1727 1680 1798 Saepe
1715 1677 1872 1780 iilius
1907 1727 2186 1798 temporis
2218 1741 2431 1799 poetae

74 1797 533 1920 &ugustgmi‘pgr
568 1793 957 1848 adulationem
992 1792 1187 1846 Jooem
1222 1793 1630 1868 appellabant,
1679 1807 1743 1850 ut
1781 1793 1887 1850 Ov.
1925 1795 2090 1850 Trist-
2131 1814 2176 1862 ι,
2237 1815 2288 1862 1,
2339 1798 2429 1852 81.

116 1883 183 1917 ro
240 1903 253 1917 ο
420 1901 434 1926 7
505 1905 519 1919 ο

198 1970 213 1985 .
254 1903 373 1990 ὃοὲ.
445 1931 600 1983 Mota
631 1931 687 1980 in
712 1949 909 1981 nomen
935 1929 1143 2002 lingua]
1172 1930 1218 1983 i.
1258 1947 1311 1984 e.
1347 1931 1541 2002 lingua
1573 1948 1644 1998 se,
1671 1930 1880 1997 movit,
1913 1943 1980 1986 ut
2023 1950 2235 1987 nomen
2269 1943 2433 1988 tuum

70 2002 491 2075 pronuntiaret·
560 2001 715 2054 Male
746 2000 811 2052 P.
842 1999 1117 2053 Francius
1152 1999 1349 2071 legere
1374 2011 1586 2054 tentat:
1624 2000 1700 2051 ad
1725 2017 1938 2051 nomen.
2009 2000 2153 2058 Stat.
2188 2001 2340 2074 Sylv.
2381 2020 2410 2056 α

80 2091 121 2136 1,
160 2074 276 2137 104.
330 2079 507 2120 motas
536 2067 727 2119 'etium
784 2077 897 2118 tum
954 2067 1011 2116 in
1061 2083 1338 2118 murmura
1392 2085 1555 2119 voces.
1639 2069 1737 2124 ubi
1771 2087 1823 2120 v.
1860 2070 2110 2137 Markl.;
2159 2070 2298 2125 item
2355 2089 2389 2125 a

108 2177 213 2260 ’VJ
248 2140 368 2274 διιί4.
436 2205 507 2257 In
542 2205 667 2256 orbe
702 2203 863 2272 novo]
929 2203 968 2256 i.
1008 2221 1057 2265 e.
1092 2204 1149 2258 in
1187 2203 1345 2258 orbis
1381 2216 1548 2274 parte
1584 2205 1838 2259 nondum
1875 2205 2104 2278 cognita
2138 2207 2434 2265 Romanis.

135 2278 210 2329 V.
247 2277 367 2330 320.
445 2273 653 2325 Terruit
694 2271 955 2323 admissos
984 2272 1417 2344 sanguinolentus
1442 2277 1628 2343 equos]
1664 2274 1770 2328 Hic
1806 2290 2042 2348 quoquc
2079 2292 2280 2330 versus
2314 2288 2433 2331 tam

72 2344 263 2398 similis
300 2354 387 2398 est
425 2343 703 2397 Ovidiano
740 2343 849 2413 Ep.
892 2361 938 2407 ι,
973 2341 1060 2397 36.
1138 2339 1248 2391 Hic
1292 2343 1437 2393 lucer
1481 2341 1741 2394 admissos
1783 2343 1966 2394 terruit
1998 2341 2204 2394 Hector
2247 2361 2429 2415 equo-5.
2509 2359 2513 2371 “

72 2426 132 2467 ut
168 2414 319 2466 alter
353 2423 529 2484 poeta
562 2410 638 2463 ab
675 2411 859 2465 altero
896 2409 1163 2464 sumsisse
1186 2409 1470 2465 videatur.

135 2482 211 2535 V.
250 2481 370 2539 321.
442 2477 691 2551 Euadne]
758 2477 973 2551 Iphidis
1008 2478 1161 2544 filia,-
1198 2478 1449 2552 Capanei
1486 2480 1714 2547 con'ux‚
1753 2495 1813 2535 se
1848 2478 1907 2534 in
1944 2480 2188 2535 eundem
2222 2496 2292 2533 ro
2334 2497 2430 2535 um

72 2550 343 2619 conjecit,
418 2567 496 2604 uo
534 2552 771 2603 maritus
806 2548 1188 2617 conflagravit.
1259 2568 1311 2601 v.
1346 2548 1551 2619 Eurip.
1581 2499 1788 2630 Suppl.
1823 2565 1940 2621 999.
1980 2560 2036 2605 et
2070 2548 2286 2629 Apollo
2333 2585 2347 2601 .
2375 2550 2430 2615 3,

71 2621 121 2685 3,
158 2637 212 2687 7.
251 2638 309 2690 p.
352 2570 464 2678 131.
534 2620 623 2673 De
658 2618 766 2671 hac
802 2616 926 2699 ipsa
966 2618 1069 2671 Ov.
1102 2616 1173 2669 A.
1206 2618 1329 2669 Am.
1350 2616 1401 2679 3,
1440 2634 1520 2669 αι.
1555 2616 1754 2687 Accipe
1781 2636 1882 2679 me,
1921 2617 2204 2690 Capaneu.-
2232 2633 2434 2668 emeres

72 2688 411 2739 miscebimur
430 2726 448 2755 ,
509 2686 683 2757 inquit
714 2686 932 2756 Iphias,
967 2684 1024 2733 in
1068 2684 1271 2735 medios
1299 2684 1510 2737 desiluit
1547 2705 1611 2737 ue
1649 2704 1826 2758 rogos.

136 2756 211 2809 V.
244 2757 367 2813 330.
436 2756 588 2806 Inter
618 2755 912 2805 honoratos
946 2753 1240 2823 excipietur
1272 2752 1425 2822 avos]
1491 2704 1886 2809 leinovanus
1922 2753 2172 2819 imitatus
2206 2752 2432 2809 videtur

69 2828 181 2879 Pro
230 2837 341 2879 ert.
392 2826 445 2891 4,
487 2843 569 2891 ιι,
611 2840 723 2879 102.
785 2822 950 2889 Cujus
981 2821 1258 2872 honoratis
1290 2838 1411 2871 ossa
1428 2823 1696 2891 fruantur
1729 2824 1860 2879 avis.
1929 2823 2022 2877 Sic
2055 2823 2200 2877 enim
2235 2823 2428 2877 Heius.
2457 2869 2464 2875 .

72 2892 141 2947 ad
220 2935 236 2949 .
271 2893 307 2946 l.
341 2893 507 2966 legit,
559 2891 734 2967 idque
768 2889 1035 2963 pluribus
1073 2891 1368 2944 confirmat
1403 2890 1669 2945 Adversa.
1719 2911 1769 2959 1,
1819 2892 1870 2946 3.
1926 2901 1985 2945 et
2034 2892 2094 2946 i'n
2145 2890 2308 2947 Notis
2355 2890 2431 2946 ad

68 2964 343 3034 Propert.
379 2981 437 3035 p.
474 2963 591 3028 76²·
659 2958 937 3012 Honorati
972 2959 1270 3025 dicuntur,
1388 2959 1407 3011 i
1442 2958 1674 3013 summis
1708 2958 2066 3025 honoribus,
2115 2978 2170 3014 v.
2210 2978 2260 3015 c.
2297 2978 2432 3029 con·

71 3031 281 3094 sulam,
316 3042 589 3101 praetura
614 3030 701 3083 usi
736 3038 886 3083 sunt.
938 3046 988 3080 v.
1039 3027 1227 3081 Davis.
1264 3044 1297 3081 a
1377 3027 1494 3082 Cic.
1521 3030 1688 3085 Tunc.
1728 3047 1777 3088 ι,
1812 3029 1898 3086 36.
1969 3029 2244 3083 Ceterum
2279 3046 2431 3083 com-

69 3098 363 3171 parandus
398 3099 565 3154 hu'us
598 3099 687 3157 El.
724 3117 778 3151 v.
824 3096 935 3152 162.
974 3094 1051 3145 ad
1084 3104 1273 3163 oetpres
1308 3096 1550 3149 conditus
1583 3096 1684 3147 ibis
1729 3114 1875 3149 avos.

132 3170 207 3222 V.
243 3168 364 3223 338.
489 3165 601 3217 uod
631 3166 831 3231 solum]
900 3164 1055 3218 Bene
1091 3163 1357 3217 Heinsius
1391 3165 1537 3234 legit
1569 3167 1728 3215 solus.
1811 3166 1954 3219 Nam
2002 3166 2226 3220 Drusus
2278 3167 2432 3221 inter'

66 3239 364 3290 Romanos
413 3236 627 3308 primus
676 3252 742 3288 ac
782 3234 952 3292 solus
1000 3232 1134 3287 tulit
1162 3250 1374 3286 nomen
1408 3233 1751 3287 Germanici.
1791 3234 1894 3289 Ov.
1923 3236 2081 3290 Fast.
2115 3252 2164 3301 1,
2199 3236 2319 3306 597.
2351 3232 2432 3285 Et

64 3314 298 3355 mortem
334 3310 382 3352 et
414 3322 607 3353 nomen
641 3300 823 3354 Druso
864 3299 1157 3353 Germania
1170 3300 1326 3364 fecit.
1395 3300 1562 3367 Adde
1596 3300 1753 3355 Suet.
1793 3298 1994 3355 Claud,
2035 3321 2080 3355 1.

132 3373 215 3424 V.
237 3373 355 3441 339.
433 3368 535 3420 Tot
570 3388 740 3420 annos
814 3370 849 3423 i.
880 3386 929 3425 e.
956 3377 1081 3422 tam
1117 3386 1335 3439 paucos
1372 3384 1570 3424 annos.
1625 3372 1770 3425 Nam
1806 3378 1882 3419 tot
1918 3370 2085 3423 etiam
2122 3370 2193 3425 de
2228 3372 2427 3443 paucis

63 3440 208 3504 dici,
248 3439 518 3510 exemplis
555 3438 722 3492 docet
804 3456 948 3491 urm.
984 3435 1057 3490 ad
1092 3437 1151 3490 h.
1191 3437 1228 3489 l.

135 3508 212 3563 V.
249 3507 365 3573 340.
440 3498 725 3575 Quaerere]
792 3506 1106 3579 Eleganter
1142 3504 1352 3558 dicitur
1386 3503 1458 3558 de
1495 3503 1590 3564 iis,
1629 3522 1778 3579 quae
1815 3505 2057 3573 absunt,
2096 3522 2244 3579 quae
2280 3508 2428 3562 ‹lesi-

68 3577 367 3630 derantur.
392 3574 547 3628 Sall.
586 3577 657 3629 Ju
699 3614 710 3628 .
746 3574 833 3631 85.
884 3592 1039 3644 quem
1076 3590 1168 3625 vos
1201 3573 1462 3643 imperare
1490 3573 1736 3640 jussistis,
1773 3574 1818 3624 is
1852 3574 2224 3644 imperatorem
2258 3576 2427 3626 alium

70 3643 293 3717 quaerit.
361 3642 482 3697 Liv.
518 3646 603 3708 25,
640 3645 673 3698 3
710 3682 723 3695 .
900 3641 1124 3712 idquam
1158 3660 1294 3692 mox
1330 3643 1586 3691 omissum
1621 3644 2066 3713 opportunitatem
2138 3653 2338 3694 naeu-at.
2372 3665 2426 3701 v.

762 3662 797 3692 n
863 3662 899 3692 u

70 3712 330 3837 grpukgi.
358 3710 595 3835 ἔᾱὸΤίΙ).
618 3728 666 3775 2,
699 3711 753 3778 3,
792 3661 878 3767 neg.
912 3723 971 3766 et
1004 3710 1150 3763 Duk.
1186 3710 1261 3763 ad
1283 3710 1444 3765 Flor.
1486 3728 1534 3773 1,
1572 3713 1648 3766 ι6.
1687 3729 1744 3783 p.
1787 3712 1900 3777 145.
1931 3711 2100 3767 Marii
2125 3748 2139 3763 .
2175 3710 2252 3766 ad
2279 3713 2427 3771 Stat.

172 3800 227 3834 v.
488 3798 540 3839 2.

114 3802 225 3902 yv:
249 3817 369 3912 sir.
395 3817 412 3846 ’
441 3845 679 3899 sublime
772 3844 1199 3901 Adverbiamer
1230 3864 1345 3919 pro
1380 3846 1439 3900 in
1480 3818 1744 3902 suminio.

134 3918 210 3971 V.
228 3919 347 3983 343.
384 3914 655 3985 Condidit]
742 3934 885 3969 urm.
920 3917 1181 3989 exponit:
1217 3914 1550 3972 celebravit.
1619 3915 1739 3970 Sed
1771 3916 1969 3969 vitium
2001 3916 2062 3971 in
2094 3917 2206 3972 hoc
2240 3919 2420 3974 verbo

73 3988 310 4041 haerere
345 3984 594 4040 videtur.
1004 4016 1009 4020 „
1769 3992 1775 4003 ·
1899 4006 1903 4009 *
1965 4031 1970 4037 .
2359 3990 2366 4005 ¹

134 4056 206 4109 V.
227 4056 343 4122 347.
380 4052 617 4103 Lumina
650 4048 850 4121 rerum]
887 4051 1141 4125 Scaliger
1174 4052 1415 4125 pulchre
1452 4052 1604 4107 corri
1645 4051 1660 4065 ⁶
1705 4072 1720 4105 ε
1758 4052 1995 4103 culmina
2028 4071 2223 4108 rerum.
2281 4058 2422 4111 Nam

76 4122 307 4175 culmina
342 4122 553 4176 rectius
588 4121 785 4175 humili
816 4121 984 4193 vulgo
1036 4131 1433 4194 opponuntur,
1471 4138 1584 4194 qua
1707 4120 1909 4176 nmina.
1958 4120 2194 4173 Lumina
2246 4142 2422 4176 rerum

79 4190 313 4250 dicitur,
348 4202 414 4245 ut
483 4189 792 4242 ulcherrime
824 4207 999 4240 rerum
1035 4206 1123 4261 ap.
1162 4188 1263 4243 0v.
1296 4190 1407 4260 Ep.
1450 4192 1504 4256 4,
1544 4192 1657 4245 125.
1691 4189 1793 4242 ubi
1827 4209 1878 4243 v.
1915 4200 2034 4244 not.
2098 4224 2108 4237 ·
2463 4197 2472 4206 “

136 4261 210 4314 V.
244 4260 364 4329 348.
492 4254 822 4328 raecipuum]
925 4258 959 4309 i.
995 4276 1045 4314 e.
1079 4274 1199 4311 non
1231 4274 1536 4311 commune
1573 4275 1701 4312 cum
1737 4257 1878 4311 aliis.
1950 4258 2067 4316 Cic.
2103 4259 2178 4315 ad
2207 4261 2333 4320 niv.
2365 4265 2418 4331 4,

77 4329 175 4382 ult.
210 4346 319 4377 non
354 4328 511 4379 debet
534 4328 819 4393 fortunam
846 4326 1194 4396 praecipuam
1220 4327 1514 4395 postulare,
1551 4335 1646 4375 aut
1678 4344 2011 4378 communem
2047 4346 2305 4385 recusare.
2365 4352 2419 4387 v.

78 4397 362 4453 Drakenb.
397 4395 469 4449 ad
503 4396 625 4450 Liv.
663 4396 717 4459 3,
760 4397 839 4460 14.

140 4466 209 4518 V.
244 4467 361 4533 354.
435 4465 755 4536 Iuli-agilem
789 4458 1055 4531 animum]
1124 4462 1161 4515 i.
1201 4479 1249 4515 e.
1282 4461 1496 4516 fortem
1530 4473 1590 4518 et
1621 4460 1910 4519 invictum.
1977 4464 2258 4538 Irfffragilt's
2303 4484 2415 4523 vox

84 4544 163 4587 est
195 4550 288 4605 ap.
327 4533 431 4591 Ov.
467 4534 635 4589 Trist.
678 4550 728 4598 1,
762 4531 818 4597 ὅ,
854 4530 940 4587 53.
974 4530 1075 4584 uhi
1110 4550 1162 4586 v.
1197 4530 1390 4603 Intpp.
