2909 5050
919 282 996 336 ιΝ
1032 283 1156 340 ov.
1194 256 1373 345 ΗΕΒῘ
1397 289 1499 346 IV.
2041 285 2056 314 ⁴
2332 281 2437 346 29

118 433 196 486 V.
232 431 322 486 65.
401 431 676 502 Thesides]
721 428 779 488 ξἰ.
816 452 867 491 e.
903 435 1116 509 Hippoi
1157 448 1277 502 tus,
1314 437 1524 492 Thesei
1559 437 1730 495 filius.

118 501 193 553 V.
231 499 321 568 67.
397 500 521 570 Quo
560 503 706 553 vobis
739 502 878 554 infta
913 513 989 554 est
1025 515 1117 557 etc.
1224 507 1260 562 i.
1299 525 1348 561 e.
1386 507 1641 561 intrastis
1692 503 1891 561 aedem
1940 503 2169 560 Cereris
2214 505 2442 560 Eleusi-

53 567 199 622 niae.
221 570 271 620 F
273 581 387 624 ast.
410 574 463 636 3,
505 573 614 626 266.
659 570 813 623 Unde
849 591 1036 623 nemus
1070 575 1232 624 nth's
1267 575 1408 628 illud
1439 575 1604 625 initur
1639 577 1803 646 equis.
1852 576 1967 646 Prp
1987 571 2205 626 Eleusis
2221 575 2439 631 rectius

56 636 269 690 dicitur
306 637 554 706 Eleusin,
590 649 656 693 ut
691 643 930 713 copiose
969 644 1221 712 probant
1255 645 1450 708 Heius.
1501 641 1667 698 ad‘h.
1710 647 1745 699 l.
1800 655 1857 698 ct
1892 645 2049 714 Tayl.
2104 643 2177 696 ad
2209 646 2337 714 Lys.
2386 661 2437 696 o·

51 704 345 759 Andocid.
383 727 441 780 p.
484 712 598 764 105.
641 709 872 760 Cerealis
904 710 1134 764 Eleusis
1171 725 1448 777 vocatur,
1488 713 1647 797 quod
1686 713 1885 768 Cereri
1922 726 2257 768 consecrata
2294 724 2439 768 erat.

117 775 321 896 γὸόὃ.
399 775 604 828 Gnosia
637 778 857 844 humus]
892 781 1118 834 Dicitur
1153 779 1329 836 Creta
1365 800 1398 835 a
1433 783 1709 854 pnmaria
1744 782 1964 836 insulae
2003 782 2183 864 urbe,
2233 783 2437 836 Gnoso

53 861 116 897 ve
233 862 434 899 nosse.

117 913 186 966 V.
226 929 319 982 72.
400 914 459 964 V
456 914 744 966 erecundus
779 915 964 981 rubor]
1035 917 1242 972 Similis
1278 919 1447 971 locus
1500 921 1563 972 M
1720 960 1733 972 .
1777 938 1827 984 1,
1863 922 1984 988 484.
2058 917 2266 969 Pulcra
2303 937 2439 970 vere-

55 979 228 1030 cundo
267 983 596 1048 suffunditur
633 1002 728 1033 ora
765 985 975 1046 rubore,
1019 988 1168 1042 Hor.
1204 987 1396 1060 Epod.
1439 1007 1521 1058 17,
1720 988 1779 1038 V
1776 988 2068 1039 erecundus
2102 989 2252 1039 color
2287 988 2437 1039 Reli-

55 1049 164 1119 quit
201 1067 326 1105 ora.
363 1052 464 1104 ubi
499 1072 550 1106 v.
589 1053 780 1106 Bentl.
1274 1069 1286 1081 ¹
1522 1055 1527 1062 ’

117 1119 194 1174 V.
229 1122 323 1186 74.
397 1118 656 1171 Phaedra
683 1122 889 1188 judice]
963 1124 999 1178 i.
1022 1142 1070 1197 e.
1089 1142 1180 1178 me
1205 1124 1414 1196 judice.
1442 1147 1495 1180 v.
1516 1126 1708 1179 Bentl.
1732 1127 1805 1180 ad
1834 1127 1977 1182 Hor.
1997 1126 2240 1180 2.Scrm.
2258 1143 2310 1190 2,
2348 1127 2435 1182 53.

119 1188 196 1241 V.
233 1192 326 1251 75.
403 1189 600 1254 Coma]
674 1191 892 1242 Comere
926 1193 1165 1265 proprie
1205 1195 1273 1250 de
1327 1212 1467 1247 cura
1514 1195 1860 1276 capillorum
1897 1195 2128 1248 dicitur.
2201 1196 2308 1267 Ep.
2348 1213 2437 1261 21,

53 1257 134 1310 88.
215 1256 520 1310 Comuntur
553 1267 767 1309 nostrae
803 1271 974 1312 matre
1001 1263 1219 1330 jubente
1256 1281 1456 1314 comae.
1530 1264 1745 1318 leull.
1784 1269 1837 1332 4,
1877 1281 1925 1329 2,
1966 1281 2048 1318 ιο.
2088 1260 2196 1313 Seu
2233 1264 2439 1328 comsit,

57 1326 240 1375 comtis
280 1335 358 1376 est
395 1327 696 1376 veneranda
732 1331 914 1384 comis.
1337 1361 1348 1374 ·
2315 1369 2323 1374 -

121 1396 193 1448 V.
229 1398 306 1462 76
393 1393 556 1460 Fiue]
628 1397 661 1449 i.
701 1415 746 1450 e.
783 1399 959 1453 modo
981 1439 997 1466 ‚
1043 1417 1328 1462 mensura.
1398 1401 1515 1456 Liv.
1550 1403 1604 1467 4,
1642 1402 1727 1466 54.
1800 1399 2161 1470 Quaesturam
2199 1417 2309 1448 non
2344 1399 2439 1449 ho-

56 1464 199 1512 nort's
234 1463 406 1534 ipsius
425 1463 548 1533 fine
584 1466 956 1519 aestimabant.
993 1470 1095 1523 ubi
1131 1489 1183 1522 v.
1221 1470 1518 1524 Drakenb.
1558 1481 1618 1523 et
1651 1471 1763 1522 hoc
1800 1486 1973 1523 sensu
2007 1485 2181 1540 saepe
2204 1467 2346 1537 finis
2382 1480 2441 1524 et

56 1531 248 1584 modus
285 1535 622 1604 junguntur.
803 1597 808 1602 ,
1764 1591 1769 1606 ,

119 1602 196 1654 V.
235 1604 324 1673 76„
397 1602 593 1667 Amat]
662 1605 914 1670 Poetae,
970 1623 1089 1658 non
1125 1623 1340 1677 prosae
1391 1606 1675 1660 orationis
1710 1606 2051 1677 scriptoreS,
2093 1603 2291 1659 dicunt
2324 1623 2437 1678 pro

58 1671 238 1737 solet,
278 1682 346 1724 ut
384 1674 591 1727 Graeci
628 1673 779 1736 φιλεῖ.
815 1693 866 1726 ν.
901 1673 1103 1730 Lamh.
1143 1674 1216 1728 ad
1250 1676 1392 1728 Hor.
1437 1675 1628 1729 Carm.
1671 1693 1720 1737 2,
1756 1678 1811 1738 3,
1855 1693 1931 1728 ιο.

117 1741 191 1796 V.
227 1760 321 1809 77.
398 1735 578 1790 Positi
611 1741 816 1810 capilli]
889 1739 1101 1793 Ponere
1139 1755 1199 1797 et
1233 1761 1549 1814 componere
1597 1746 1906 1816 proprium
1954 1741 2194 1795 verbum
2244 1752 2341 1794 est
2367 1740 2439 1795 <le

22 1823 24 1828 ’
58 1808 208 1862 cultu
248 1809 617 1880 capillorum.
689 1813 889 1868 Amor.
916 1831 1000 1865 ,ια
1024 1831 1081 1881 7,
1118 1831 1170 1864 v.
1205 1813 1313 1868 ult.
1383 1810 1539 1862 Pone
1575 1813 1958 1883 recompositas
1992 1811 2047 1859 in
2090 1810 2317 1860 statione
2354 1829 2441 1860 co-

58 1896 186 1933 mus.
247 1878 540 1949 'Properh
582 1897 631 1942 1,
674 1882 753 1938 15,
788 1881 838 1932 5.
908 1877 985 1930 Et
1015 1889 1166 1950 potes
1201 1881 1471 1932 hesternos
1522 1881 1773 1932 manibus
1808 1897 2124 1950 componere
2162 1880 2350 1932 crines.
2386 1899 2439 1933 v.

58 1947 250 2000 HeinS.
290 1943 368 1998 ad
397 1946 526 2000 Art.
563 1949 689 2003 Am.
724 1949 776 2010 3,
819 1949 934 2002 151.
972 1962 1031 2003 et
1066 1951 1321 2003 Broukh.
1359 1950 1432 2004 ad
1470 1951 1600 2005 Tib.
1642 1970 1691 2013 ι,
1733 1969 1815 2014 ιο,
1854 1951 1935 2016 67.

119 2016 188 2065 V.
223 2032 315 2085 79.
391 2013 684 2065 Luctantin
722 2016 890 2081 colla]
961 2018 995 2072 i.
1033 2036 1084 2072 e·
1138 2019 1287 2071 cona
1343 2021 1477 2092 equi
1530 2019 1801 2074 luctantis
1850 2018 1942 2070 vel
1994 2034 2113 2070 non
2149 2019 2442 2090 sequentis

59 2083 300 2138 frenum.
352 2083 631 2138 Similiter
665 2087 802 2138 Met.
835 2088 892 2152 4,
941 2087 1061 2157 357.
1134 2085 1560 2157 Pugnacemque
1608 2095 1777 2148 tenet,
1838 2087 2203 2156 luctantiaque
2254 2089 2441 2137 oscula

61 2171 115 2202 cu
179 2153 240 2206 it.
785 2201 790 2216 ¹
1510 2199 1532 2214 s

119 2171 188 2276 V·
225 2223 320 2276 80.
392 2221 467 2272 In
503 2221 654 2287 orbe]
691 2224 773 2275 =h.
810 2241 860 2278 e.
897 2240 1074 2294 gyro,
1117 2241 1234 2294 quo
1274 2223 1406 2298 equi
1441 2233 1803 2278 exercentur.
1871 2225 2010 2279 Met.
2040 2223 2091 2284 6,
2131 2225 2249 2278 225.
2310 2222 2442 2272 dum

62 2299 252 2341 certum
279 2291 457 2360 flectit
490 2289 545 2338 in
583 2291 762 2341 orbem
797 2290 1186 2362 Quadrupedes
1223 2312 1422 2346 cursus.
1459 2313 1511 2348 v.
1533 2295 1727 2348 Burm.
1763 2291 1839 2346 ad
1873 2292 1927 2344 h·
1958 2291 1996 2346 l.
2036 2302 2094 2345 et
2111 2293 2436 2346 Markland-

61 2359 125 2412 ad
159 2359 308 2413 Stat.
351 2359 507 2430 Sylv.
545 2363 598 2420 5.,
639 2378 688 2424 2,
733 2377 845 2432 129.
1004 2420 1022 2432 „

122 2429 189 2480 V.
223 2428 314 2481 82.
391 2427 508 2478 Ora
523 2430 702 2497 ferox·
740 2432 860 2494 eta]
908 2430 940 2482 i.

64 2476 318 2553 {dmin-or
355 2497 546 2551 robur
581 2508 758 2552 tuum·
834 2499 966 2553 Cic.

66 2576 208 2637 atque
247 2568 439 2617 oculos
478 2586 584 2618 esse
621 2584 918 2619 conversos.

121 2637 188 2688 V.
241 2637 334 2691 83,
411 2635 722 2694 Venabula,
750 2638 968 2701 cornea]
1039 2636 1074 2689 i.
1109 2654 1157 2689 e.
1216 2655 1283 2689 ex
1321 2637 1507 2690 cornu
1544 2636 1757 2689 arbore
1803 2636 1985 2698 facta,
2054 2652 2120 2688 ex
2169 2652 2285 2707 qua
2320 2636 2443 2707 ple-

63 2722 299 2777 rumque
353 2705 811 2757 conficiebantur
858 2706 1087 2771 hastae,
1126 2706 1314 2773 jacula
1362 2718 1419 2759 et
1472 2705 1582 2757 alia
1632 2704 1777 2759 belli
1821 2706 2235 2763 instrumenta,
2286 2702 2441 2757 unde

63 2791 240 2822 cornus
279 2790 462 2845 saepe
498 2792 609 2845 pro
649 2774 810 2827 hasta
845 2774 936 2827 vel
973 2773 1140 2827 simili
1173 2774 1364 2843 jaculo
1403 2775 1663 2847 ponitur.
1724 2772 1834 2845 Ep.
1879 2791 1962 2836 ιο,
2006 2790 2119 2843 ιο7.
2186 2769 2314 2823 Non
2344 2791 2441 2842 po-

63 2840 362 2962 tegagtlfigi
391 2842 714 2911 praecordia
731 2844 923 2909 ferrea
958 2860 1137 2893 cornu.
1194 2866 1243 2900 v.
1275 2846 1470 2916 Intpp.
1510 2842 1585 2895 ad
1620 2845 1761 2897 Met.
1797 2846 1853 2909 8,
1892 2843 2012 2908 408
2049 2852 2107 2895 et
2140 2841 2438 2895 Drakenb.

24 2912 26 2943 Ψ
61 2926 86 2962 a
202 2912 264 2963 i.
304 2912 438 2969 Ital.
479 2928 560 2975 ιο,
610 2928 721 2963 ι22.
1145 2938 1149 2944 -
1608 2930 1615 2943 =

124 2977 422 3029 Venabula
472 2982 586 3029 lato
615 2978 799 3047 ferro]
893 2980 1041 3034 Sunt
1090 2980 1374 3035 venabula
1425 2982 1548 3034 lato
1601 2980 1765 3035 ferro
1816 2982 2133 3034 instructa..
2220 2977 2442 3033 Eodem

59 3045 223 3100 modo
263 3048 434 3121 Virg.
471 3050 616 3101 Aen.
659 3066 708 3112 ι,
743 3050 863 3103 3ι3.
897 3051 1010 3099 lato
1046 3048 1265 3100 hastilia
1293 3052 1464 3114 ferro.
1536 3049 1679 3107 Aen,
1716 3050 1771 3115 3,
1814 3050 1932 3104 286.
1985 3047 2125 3098 Aere
2163 3066 2294 3097 cavo
2332 3050 2442 3117 cly-

90 3134 242 3237 ausu1
263 3118 509 3241 Petro3n.
545 3134 630 3184 70.
671 3119 836 3168 culter·
869 3114 1072 3169 Norico
1088 3120 1266 3187 ferro.
1302 3122 1388 3176 De
1425 3120 1532 3172 hac
1568 3119 2001 3173 constructione
2037 3127 2105 3170 v:
2130 3117 2328 3173 Burm.
2365 3116 2443 3170 ad.

132 3203 198 3237 ae
243 3204 298 3240 r.
338 3202 367 3237 2
528 3206 548 3238 1
593 3225 607 3239 .

114 3256 184 3306 V.
222 3256 318 3320 84.
374 3190 594 3304 ’Νᾶεενῗι
635 3257 793 3321 juvat
838 3254 1048 3304 lumina
1096 3255 1361 3336 quidquid
1403 3260 1561 3327 agas]
1613 3257 1847 3311 Rectius
1883 3255 2161 3328 Heusing.
2200 3272 2231 3309 e
2274 3254 2445 3311 MSS.

57 3322 211 3393 legitx
271 3321 529 3393 Denique
566 3332 749 3372 nostra
778 3324 939 3389 juvas
974 3325 1199 3383 lamma,
1241 3324 1507 3394 quidquid
1540 3327 1673 3397 agis.

116 3393 182 3447 V.
217 3396 312 3449 85.
387 3389 568 3459 Sylois
597 3389 827 3461 jugosis]
897 3392 933 3443 i.
975 3409 1022 3445 e.
1060 3394 1118 3446 in
1154 3393 1366 3466 quibus
1390 3394 1572 3448 multa
1600 3404 1733 3447 sunt
1749 3393 2031 3451 montium
2048 3394 2198 3467 juga.
2235 3391 2443 3445 Amor.

63 3479 100 3523 1,
133 3480 180 3525 1,
257 3504 271 3516 .
349 3458 488 3528 Quis
517 3461 708 3532 pro-bet
741 3460 796 3507 in
833 3461 994 3528 sylvis
1031 3460 1271 3511 Cererem
1306 3480 1529 3533 regnare
1560 3461 1812 3533 jugosis?

111 3531 180 3583 V.
215 3478 306 3587 36.
382 3526 510 3579 Non
547 3548 666 3579 sum
703 3528 932 3579 materia
967 3528 1134 3599 digna
1165 3530 1338 3601 perire
1376 3530 1493 3599 tua]
1543 3532 1765 3585 Versus
1801 3531 1974 3585 foe-de
2012 3541 2347 3613 corruptus,
2382 3530 2442 3582 in

58 3616 164 3670 quo
197 3596 576 3653 restituendo
613 3598 828 3650 frustra
865 3597 1154 3669 ingenium
1193 3600 1417 3670 experti
1450 3612 1585 3653 sunt
1618 3602 1967 3672 interpretes
2004 3599 2239 3655 eruditu.
2299 3596 2440 3651 Wit-

55 3667 228 3720 hofius
269 3668 355 3720 sic
393 3668 686 3721 tentabat:
743 3663 869 3713 Non
905 3685 1024 3719 sum
1060 3668 1288 3717 materia
1325 3668 1492 3738 digna
1529 3668 1701 3739 rigore
1738 3677 1849 3721 tuo.
1924 3670 2143 3721 Verum
2200 3684 2441 3737 corrup-

1153 2443 1308 2485 ertus
1342 2443 1478 2486 tuus
1514 2431 1717 2484 oculos
1752 2446 1909 2482 meos
1944 2429 2002 2482 in
2038 2445 2098 2482 se
2130 2429 2439 2494 convertit,

1117 2505 1200 2568 .4‚
1240 2520 1286 2554 1.
1367 2499 1562 2559 Video,
1599 2499 1657 2548 in
1695 2515 1778 2573 me
1810 2498 2050 2549 anartium
2084 2507 2311 2549 oestrum
2343 2516 2443 2549 ora

58 3736 152 3788 tela
199 3754 330 3789 non
383 3736 440 3788 in
482 3736 686 3807 perire,
735 3732 840 3787 sed
887 3736 946 3788 in
993 3736 1222 3786 materia
1268 3736 1512 3791 haerere
1561 3737 1807 3791 videtur.
1894 3738 2202 3809 Explicare
2254 3746 2442 3791 tentat
2520 3788 2529 3799 „

56 3806 287 3859 Gesner.
325 3806 498 3857 Thes.
536 3806 600 3857 L.
639 3806 702 3857 L.

110 3875 177 3927 V.
213 3875 308 3942 87.
384 3872 686 3936 Incinctae]
759 3872 904 3926 Com
955 3874 1162 3928 ositum
1213 3873 1474 3924 incinbtus
1509 3889 1607 3927 sae
1656 3892 1687 3927 e
1736 3872 1976 3945 ponitur
2067 3891 2136 3926 ro
2194 3871 2294 3925 sim
2342 3871 2439 3924 lici

55 3942 286 3999 cinctura.
358 3944 595 3996 Metam.
630 3942 682 4005 3,
725 3944 839 3997 162.
937 3960 1000 3990 ur
1035 3943 1119 3992 ine
1155 3943 1432 4013 gramineo
1467 3950 1599 4009 patu
1626 3960 1684 3991 os
1718 3942 1977 3992 incinctus
2050 3942 2211 4006 latus,
2248 3961 2289 3993 u
2334 3940 2436 3994 iv.

55 4012 234 4065 Heins-
278 4012 399 4076 Liv.
444 4028 524 4075 ιο,
568 4030 618 4077 7.
659 4010 946 4061 incinctum
1001 4009 1201 4062 ,ahino
1239 4013 1405 4074 cultu,
1443 4010 1544 4063 ubi
1582 4010 1753 4081 plura
1788 4010 2228 4065 Drakenborch.
2297 4011 2441 4063 Erat

55 4094 236 4135 autem
273 4082 465 4133 Diana
521 4080 636 4141 alte
679 4078 826 4131 infra
865 4090 1066 4151 pectus
1101 4081 1428 4139 succincta,
1480 4091 1545 4132 ut
1583 4090 1745 4133 tanto
1785 4079 2141 4133 commodius
2180 4078 2437 4133 venatio-

53 4167 166 4201 nem
221 4166 502 4203 exercere
551 4159 770 4219 posset.
878 4148 990 4225 Qui
1028 4150 1152 4217 ejus
1187 4148 1416 4201 habitus
1455 4164 1551 4201 sae
1598 4165 1627 4200 c
1665 4149 1723 4201 in
1758 4149 1999 4201 nummis
2037 4158 2095 4201 et
2132 4147 2257 4201 aliis
2296 4148 2436 4201 anti·

53 4221 164 4338 {¹³⁵⁸
229 4216 632 4273 monumentis
693 4234 999 4288 expressus
1051 4229 1362 4291 spectatur.
1430 4236 1486 4271 v.
1546 4166 1763 4288 gpanh.
1830 4217 1901 4271 ad
1964 4216 2190 4270 Gallim.
2236 4218 2311 4272 Η.
2379 4216 2440 4269 in

98 4304 205 4338 nan.
249 4304 334 4339 ιι.

110 4356 182 4407 V.
222 4356 315 4411 88.
392 4350 622 4405 Numeri
689 4353 981 4409 interdum
1031 4354 1302 4409 dicuntur
1403 4372 1472 4407 ro
1506 4354 1787 4426 ‘partibus
1824 4365 1881 4407 et
1916 4370 2118 4407 eorum
2173 4370 2431 4415 numero,

57 4426 138 4494 qui
169 4424 537 4497 requiritur,
573 4434 639 4477 ut
659 4425 914 4493 perfecta
953 4442 1048 4478 res
1066 4424 1155 4477 sit.
1197 4425 1312 4477 Cic.
1393 4422 1571 4479 eDiv.
1615 4443 1661 4486 1,
1703 4425 1781 4477 13.
1855 4421 2056 4472 Omnes
2090 4422 2253 4473 habet
2286 4423 2344 4471 c'n
2378 4439 2431 4473 se

53 4510 295 4543 numeros
335 4492 586 4542 veritatis.
626 4493 775 4545 Hinc
813 4492 1040 4547 ducitur
1075 4492 1357 4546 formulaz
1398 4490 1663 4543 Omnibus
1696 4490 1929 4541 numeris
1964 4492 2270 4542 absolutum
2306 4508 2430 4545 esse.

54 4580 94 4613 v.
127 4562 332 4624 Heius.
368 4560 446 4614 ad
479 4561 588 4630 Ep.
611 4578 658 4615 2.
697 4580 764 4615 ex
799 4564 968 4617 Pont.
1007 4580 1060 4630 q,
1098 4564 1181 4617 60.
1223 4573 1281 4615 et
1317 4561 1400 4617 Cl.
1436 4560 1666 4616 Ernesti
1704 4560 1847 4614 clav.
1886 4558 2003 4613 Cic.
2042 4582 2089 4615 v.
2130 4564 2430 4615 Numerus.

106 4632 178 4688 V.
214 4648 304 4703 9⁰-
380 4627 592 4694 Νοναι]
663 4630 698 4683 i.
725 4649 776 4691 e.
793 4641 1061 4697 renovat,
1101 4630 1309 4696 reficit,
1346 4641 1595 4686 recreat.
1644 4629 1754 4684 Cic·
1776 4627 1985 4685 delnv.
2011 4648 2055 4693 ι,
2086 4648 2162 4701 ¹7·
2201 4627 2433 4679 Animus

279 4733 288 4741 '
1512 4726 1543 4751 N
