2909 5050
933 264 1010 331 IN
1049 265 1175 320 ov.
1211 265 1382 320 ΗΕΒ.
1418 249 1522 319 1v'.
1600 335 1612 357 .
2346 243 2447 313 2‘7

1 422 4 477 ξ
129 415 210 469 V.
250 431 338 482 27.
432 411 516 464 Tu
563 431 706 466 nova
741 413 891 482 ete]
975 415 1014 470 i.
1057 432 1111 468 e.
1169 427 1232 470 tu
1275 405 1497 486 primus
1526 409 1858 488 degustabis
1898 411 2231 485 pudicitiam
2264 405 2454 460 adhuc

65 493 388 546 servatam,
429 495 604 556 atque
635 482 953 540 imminues}
1022 483 1318 534 Libaminu
1347 483 1589 556 proprie
1630 482 1900 538 dicuntur
1929 479 2251 552 primitiae,
2308 491 2453 550 quae

1 586 3 613 ;
67 553 169 606 diis
206 551 567 605 offeruntur.
613 570 663 605 v,
749 570 859 606 uae
889 553 956 607 de
997 553 1180 608 verbo
1214 553 1383 603 libare
1407 552 1649 606 diximus
1679 551 1748 604 ad
1778 553 1893 622 Ep:
1916 564 1970 614 20
2023 551 2135 604 ¹¹5·

0 614 10 693 ᾗ
129 621 205 675 V.
240 622 328 676 ’38.
408 617 645 683 Nocens]
759 639 878 674 erv.
913 619 986 675 ad
1014 623 1174 694 Virg.
1205 621 1349 674 Aen.
1381 623 1442 688 3,
1480 624 1597 678 300.
1638 620 1944 680 observat,
1982 636 2119 672 raro
2155 611 2310 698 apa-d
2342 613 2451 666 La·

1 704 4 743 ξ
63 691 212 745 tinos
266 707 495 742 versum
535 689 846 762 participio
893 690 1081 756 finiri,
1145 708 1176 743 a
1223 689 1303 744 ud
1348 693 1606 746 Graecos
1648 707 1787 742 vero
1840 705 1963 742 esse
2006 687 2456 740 vitiosissimum·

64 761 207 814 Sunt
243 771 440 812 tamen
469 757 739 830 pluscula
765 761 1028 831 exempla
1057 778 1149 831 ap.
1228 779 1279 814 ν.
1316 761 1438 812 Hac
1462 761 1569 830 Ep.
1609 759 1719 824 154.
1772 759 1880 829 Ep.
1928 775 2021 822 10,
2076 773 2158 809 12.
2202 772 2257 806 ιι
2281 790 2297 817 ,
2341 751 2455 804 126·

67 839 127 949 ett1
154 827 289 948 alliis
307 827 480 950 Ιιείοἰῦε,
515 828 774 950 (Ῑιιεηὲνίε
794 829 894 881 illa
923 827 1285 883 observanda
1306 829 1505 902 potius
1530 827 1644 881 sint
1665 825 1837 899 quam
1856 825 2152 900 imitanda.
2189 821 2453 876 Broukh.

63 917 89 951 a
211 915 229 948 1
280 915 320 948 11
374 939 386 951 .
696 939 707 952 .
2428 921 2431 924 ’

121 967 196 1018 V.
236 982 322 1034 29.
395 935 503 1016 Ca'r
521 899 654 1029 lz’reff
719 966 965 1038 Proprie
1000 977 1086 1020 est
1113 964 1338 1020 fructus
1363 964 1581 1038 legere.
1619 961 1818 1021 Amor.
1862 984 1922 1030 1,
1964 982 2043 1026 10,
2078 963 2165 1019 55.
2242 957 2457 1029 Carpite

62 1035 119 1085 de
139 1034 326 1102 plenis
353 1051 460 1104 pen
503 1035 645 1083 entes
677 1033 868 1084 vitibus
901 1053 1051 1086 uvas.
2097 1061 2101 1066 ·

123 1104 199 1156 V.
245 1105 334 1158 30.
408 1099 684 1172 Deligere]
723 1103 758 1156 i.
797 1120 840 1154 e.
865 1103 1078 1176 legere,
1114 1099 1364 1176 legendo
1395 1119 1654 1174 carpere.
1688 1105 1840 1158 Fest·
1870 1101 1942 1156 de
1975 1103 2049 1156 V.
2070 1099 2129 1154 S.
2201 1094 2456 1176 Legimus

64 1171 220 1221 deam
263 1170 620 1242 glandemoe‚
674 1180 724 1220 et
761 1170 963 1221 additu.
984 1172 1382 1242 praepositione
1430 1171 1659 1222 dicimus
1708 1171 2012 1242 colligimus
2056 1177 2107 1219 et
2150 1165 2452 1234 deligimus.

69 1240 229 1293 Idem
247 1259 293 1292 v.
316 1241 723 1310 sycophantas.
749 1237 984 1290 Juvenes
999 1241 1184 1291 solitos
1200 1244 1354 1308 ajunt
1370 1240 1427 1289 in
1449 1240 1635 1292 hortos
1649 1240 1939 1308 irrmnpere
1942 1237 2089 1308 ficos
2129 1254 2192 1286 ue
2210 1233 2454 1304 deligere.

15 1335 26 1352 a
65 1311 161 1364 Ov.
195 1311 366 1362 Rem.
400 1309 530 1362 Am.
572 1309 686 1377 18q.
731 1308 1087 1379 Temporibus
1117 1310 1271 1360 certis
1311 1302 1587 1359 maturam
1626 1309 1852 1360 misticus
1890 1325 2061 1358 uvam
2092 1257 2317 1374 {Jeligin
2356 1300 2458 1355 ubi

64 1399 108 1433 v.
145 1377 350 1434 Heius.
852 1431 861 1434 -
1049 1409 1058 1418 ·
2436 1393 2440 1400 ’

123 1449 199 1500 V.
231 1446 324 1501 31.
401 1441 462 1496 Si
492 1448 698 1511 tamen]
770 1448 1023 1502 Vetzres
1059 1447 1218 1502 editt.
1257 1443 1348 1497 Sic
1379 1455 1577 1506 tamen,
1621 1445 1782 1522 quod
1802 1445 1995 1498 Heius.
2032 1461 2057 1496 s
2105 1458 2312 1494 ernere
2340 1456 2459 1510 non

64 1514 340 1570 debebat.
412 1515 554 1568 Nam
587 1532 788 1568 sensus
820 1527 936 1570 est:
974 1516 1230 1587 quamvis
1281 1514 1616 1587 pudicitiam
1666 1516 1961 1586 hucusque
2009 1513 2051 1564 il
2080 1511 2294 1564 ibatam
2343 1525 2457 1560 scr·

0 1582 8 1649 ξ
66 1584 231 1637 varim
255 1621 272 1646 ,
317 1583 411 1636 vel
441 1585 518 1636 sic
553 1595 744 1637 tamen
770 1584 904 1638 labe
932 1584 1190 1638 notanda
1220 1597 1364 1638 erat.
1437 1581 1533 1638 Sic
1562 1594 1647 1636 est
1665 1587 1817 1639 Met.
1855 1585 1945 1647 13,
1988 1585 2103 1648 243.

0 1660 2 1721 ᾗ
125 1653 199 1707 V.
237 1653 328 1708 32.
403 1651 645 1720 Candor]
718 1653 907 1725 Saepe
934 1657 1190 1708 refertur
1222 1653 1295 1708 ad
1321 1652 1570 1705 animum
1602 1664 1661 1706 et
1698 1652 1979 1725 significat
2011 1652 2159 1705 vitae
2189 1648 2456 1700 honesta·

0 1724 10 1825 f
65 1735 206 1785 tem,
261 1721 581 1792 ingenuum
631 1722 916 1793 pudorem
952 1735 1058 1777 ete.
1140 1722 1418 1776 Similiter
1458 1721 1637 1781 labes,
1687 1720 1848 1794 quod
1890 1719 2137 1794 proprie
2172 1713 2459 1768 maculam

0 1827 19 2207 ξ
65 1791 369 1862 significat,
418 1788 494 1842 ad
541 1793 791 1844 animum
824 1792 1102 1856 refertur,
1143 1803 1203 1844 et
1237 1810 1346 1865 pro
1379 1793 1585 1866 quovis
1621 1790 1856 1845 crimine
1899 1790 2126 1844 dicitur.
2164 1787 2273 1856 Ep.
2306 1799 2373 1854 9³,
2408 1781 2459 1835 8·

63 1859 343 1928 Laetaque
375 1857 446 1907 sit
477 1859 611 1909 vitae
641 1859 762 1909 lube.
798 1877 1028 1910 noverca
1060 1869 1202 1913 tuae.
2436 1919 2439 1922 ,

120 1929 195 1982 V.
223 1929 316 1983 33.
387 1925 540 1996 Igm']
621 1927 906 2000 Antiquus
954 1929 1238 1982 ablativus
1274 1947 1386 2000 pro
1436 1929 1589 2000 igne,
1656 1929 1755 1999 qui
1786 1926 2062 1998 imprimis
2086 1923 2333 1978 usitatus
2368 1929 2458 1972 est

63 1998 270 2068 poetiS.
313 2017 366 2049 v.
401 1997 592 2051 Bentl.
631 1997 704 2050 ad
735 1999 876 2052 Hor.
909 1998 1097 2052 Serm..
1139 2018 1194 2064 1,
1233 2001 1304 2062 5,
1351 2016 1436 2067 72.
1478 2011 1536 2052 et
1564 1996 1861 2052 Drakenb.
1895 1995 1969 2049 ad
2000 1993 2103 2049 Sil.
2143 1993 2215 2046 It.
2246 2010 2300 2058 7,
2336 1987 2457 2062 368.
2528 2007 2543 2026 ¹

123 2067 193 2119 V.
224 2067 320 2130 34.
397 2061 569 2131 Pejus
598 2065 862 2116 adulterio
899 2065 1033 2136 eta]
1070 2068 1102 2118 i.
1139 2085 1188 2120 e.
1225 2086 1345 2120 non
1372 2084 1503 2120 amo
1534 2062 1855 2120 deformem
1888 2061 2254 2124 adulterum,
2294 2055 2474 2132 quod¹

63 2135 218 2205 pejus
263 2133 430 2205 foret
470 2134 598 2205 ipso
639 2129 983 2190 adulterio.¹
1041 2133 1237 2206 Turpis
1268 2148 1355 2190 est
1402 2134 1719 2200 deformis,
1769 2145 1836 2188 ut
1873 2134 1999 2187 Art·
2037 2130 2166 2183 Am·
2214 2130 2280 2194 3,
2338 2127 2457 2181 255·

60 2205 276 2272 pulcrae
309 2210 591 2272 turpesque
616 2205 850 2274 puellae.

123 2273 194 2326 V.
225 2273 320 2338 37.
393 2271 624 2343 Ignotus
650 2268 794 2325 nitor
832 2273 886 2320 in
921 2271 1080 2342 artes]
1110 2275 1152 2327 i.
1187 2292 1236 2329 e.
1277 2273 1531 2348 ignotam
1562 2272 1699 2326 mihi
1729 2269 1979 2324 venandi
2020 2279 2206 2322 artem
2234 2264 2456 2319 discere

67 2351 156 2393 aut
195 2357 480 2394 exercere
528 2357 734 2396 conor.
809 2340 996 2412 Saepe
1033 2343 1134 2392 niti
1166 2361 1293 2396 cum
1339 2341 1777 2415 praepositione
1810 2340 1865 2388 in
1902 2339 2279 2392 construitur.
2330 2333 2457 2385 Art·

65 2410 181 2462 Am.
223 2413 302 2472 3,
353 2409 476 2478 667.
553 2407 704 2478 Quid
747 2419 930 2480 aperto
969 2419 1182 2481 pectore
1214 2411 1270 2460 in
1302 2410 1511 2462 hostem
1551 2409 1725 2462 Nitor.
1781 2407 1881 2462 uhi
1916 2426 1970 2460 v.
2011 2407 2209 2462 HeinS.
2246 2403 2459 2458 Justin.

69 2496 155 2548 29,
194 2496 248 2533 1.
285 2478 346 2528 in
381 2493 601 2529 snorum
628 2479 922 2551 quibusque
949 2481 1221 2547 majorum
1255 2480 1472 2550 vestigia
1504 2478 1791 2531 nitentibus
1820 2495 2024 2557 magna
2053 2474 2261 2542 indoles
2296 2471 2457 2520 virtu·-

70 2548 124 2597 tis
151 2548 362 2601 enituit.
405 2546 542 2602 Sen.
578 2547 648 2601 de
691 2548 869 2602 Clem.
895 2552 978 2615 24.
1015 2548 1286 2599 humanus
1329 2551 1545 2599 unimus
1586 2548 1643 2597 in
1674 2546 1849 2596 ardua
1882 2554 2067 2595 nitens.
2103 2564 2156 2599 v.
2187 2538 2457 2598 Oudend.

68 2616 129 2669 ad
156 2616 386 2669 Lucan.
421 2618 474 2677 5,
520 2617 632 2673 180.
701 2617 816 2673 Alii
859 2616 1029 2671 codd.
1066 2618 1120 2669 h.
1151 2617 1189 2674 1.
1215 2619 1450 2690 legunt:
1496 2614 1729 2688 ignotas*
1758 2614 1941 2664 mittor
1972 2614 2027 2663 in
2068 2622 2225 2671 artes.
2284 2609 2461 2685 Quod

1 2706 11 2768 ἱ
66 2703 160 2738 nec
185 2686 385 2757 ipsum
421 2685 902 2741 contemnendum
935 2703 1093 2751 esse,
1139 2687 1420 2759 exemplis
1450 2684 1705 2755 ostendit
1743 2684 2035 2740 Burmin
2066 2680 2201 2734 add·
2234 2680 2307 2733 ad
2338 2681 2393 2733 h·
2418 2680 2459 2733 l·

66 2755 194 2809 Hor.
233 2754 430 2809 Carm.
475 2774 532 2820 1,
579 2755 671 2819 16,
712 2756 790 2810 25.
863 2752 953 2806 Me
985 2773 1196 2826 quoque
1220 2755 1450 2825 pectoris
1487 2752 1692 2805 Feruor
1722 2750 1777 2801 in
1820 2753 2011 2802 celeres
2059 2749 2272 2799 iambos
2313 2746 2461 2798 Misit

53 2824 346 2891 sur-entem.
385 2823 424 2877 ἰ.
456 2842 506 2880 e.
542 2824 791 2894 impulit.
1315 2883 1320 2887 ,
2095 2826 2098 2833 ¹

123 2892 194 2943 V.
230 2893 321 2947 38.
396 2889 510 2943 Per
537 2909 726 2942 saevas
760 2892 834 2942 ire
845 2890 1030 2960 feras]
1082 2891 1406 2947 Infeliciter
1433 2892 1635 2955 Burm.
1668 2890 1867 2963 legere
1900 2898 2117 2943 tentat:
2148 2905 2249 2969 per
2278 2887 2461 2955 sylvas

65 2961 286 3030 impetus
317 2960 394 3011 ire
407 2962 604 3029 feras..
676 2960 767 3011 Ire
789 2962 1056 3030 perferas
1087 2962 1291 3015 eodem
1325 2955 1495 3015 modo
1529 2960 1767 3024 dicitur,
1810 2976 1929 3032 quo
1968 2970 2061 3030 ap.
2098 2957 2217 3009 Liv.
2250 2957 2340 3020 38,
2368 2960 2458 3023 41.

73 3028 168 3079 Per
199 3028 414 3080 medios
442 3030 619 3081 hostes
639 3047 1011 3100 perrumpere,
1051 3040 1108 3085 et
1138 3048 1231 3103 ap.
1266 3034 1499 3101 poetas,
1536 3030 1609 3079 ire
1623 3046 1721 3099 per
1738 3046 1886 3079 enses
1906 3036 1956 3077 et
1974 3026 2213 3109 gladios.
2254 3022 2461 3075 Suevae

51 3099 235 3166 seme,
277 3116 435 3170 quae
469 3097 801 3152 hominibus
829 3110 1392 3170 :moena-,tamquam
1417 3100 1642 3163 leones,
1681 3097 1829 3170 apri,
1868 3114 2022 3163 urs13
2064 3106 2123 3150 et
2156 3112 2464 3166 opponun-

65 3178 150 3219 tur
179 3169 328 3220 feris
358 3167 601 3221 innoxiis
621 3207 638 3231 ,
679 3170 885 3241 quales
915 3180 1051 3223 sunt
1082 3170 1268 3232 cervi,
1309 3166 1515 3221 damae
1535 3206 1551 3233 ‚
1590 3167 1844 3238 lepores.
1879 3168 1988 3237 Ep.
2017 3182 2086 3235 7,
2130 3165 2217 3219 38.
2274 3172 2321 3213 te
2348 3180 2461 3213 sae-

67 3253 150 3286 vae
195 3254 534 3307 progenuere
574 3238 744 3303 ferae.
809 3240 946 3293 Met.
999 3240 1064 3303 4,
1115 3240 1236 3303 404,
1311 3232 1589 3305 Falsaque
1616 3252 1900 3286 saevarum
1926 3234 2220 3284 simulacra
2250 3233 2463 3283 ululare

49 3306 317 3370 serarum.
391 3304 507 3360 Sed
540 3306 666 3377 ipse
705 3308 900 3360 Burm.
942 3307 1136 3361 vineta
1181 3323 1296 3371 sua·
1322 3304 1514 3359 caedit
1544 3304 1603 3357 in
1634 3302 1769 3356 add.
1812 3301 1887 3359 ad
1910 3303 1971 3356 h.
1999 3304 2043 3356 l.
2095 3322 2149 3359 v.
2179 3300 2351 3358 eund.
2385 3299 2460 3354 ad

1 3403 5 3434 5
67 3372 366 3429 claudian.
399 3375 742 3429 Fescennin.
779 3394 860 3429 ιο.
1301 3374 1314 3385 ”
1818 3382 1831 3403 ’

1 3441 3 3510 f
119 3442 374 3513 Impetus
399 3451 477 3494 ese
507 3442 642 3493 mihi
672 3445 952 3517 significat
983 3444 1288 3498 consilium
1319 3442 1487 3515 cepi,
1529 3440 1693 3517 quod
1722 3442 1951 3495 Graeco
1984 3456 2147 3493 more
2180 3458 2309 3494 cum
2338 3438 2459 3506 infi-

1 3517 4 3588 ζ
63 3510 256 3647 nitiyo·
282 3512 826 3569 construitur·loeo
871 3513 1152 3589 gerundii.
1203 3513 1315 3587 Ep.
1347 3514 1413 3579 5,
1462 3512 1561 3589 64.ἱ
1618 3510 1697 3561 Εἰ
1728 3509 1863 3560 mila·
1884 3527 1983 3581 per·
2003 3509 2205 3579 fluctus
2231 3509 2459 3579 impetu-⁵·

1 3599 3 3614 ¹
63 3596 129 3629 are
196 3589 300 3635 uit.

1 3631 4 3700 ἶ
123 3650 196 3704 V.
227 3650 318 3721 39.
393 3647 612 3720 Prima]
682 3652 789 3706 Hic
817 3670 937 3705 non
965 3648 1186 3705 ordinis
1218 3660 1336 3715 est,
1373 3646 1479 3703 sed
1510 3646 1823 3721 dignitatis,
1857 3650 1988 3701 Ter.
2026 3648 2176 3702 Eun.
2208 3666 2261 3710 1,
2294 3663 2343 3711 2,
2379 3664 2461 3700 ιο.

1 3735 4 3766 ε
61 3734 86 3765 α
123 3716 200 3767 nd
243 3726 295 3767 te
335 3737 460 3769 sum
490 3720 701 3789 primus
754 3720 792 3775 i.
825 3737 875 3774 e.
913 3720 1474 3791 praestantissimae,
1520 3719 1874 3788 potissimus.
1918 3718 2023 3770 Ov.
2052 3717 2165 3787 Ep.
2200 3718 2299 3779 16,
2341 3715 2459 3781 257.
2528 3716 2539 3729 ’

110 3796 129 3835 t
160 3787 430 3837 comitum
455 3789 666 3857 primas
697 3790 988 3857 Clymenen
1018 3788 1404 3857 Aethramque.
1492 3786 1737 3841 Phaedr.
1780 3806 1801 3839 1
1824 3826 1842 3853 ‚
1896 3786 1987 3850 13,
2023 3790 2075 3843 8-
2162 3780 2224 3835 Si
2278 3800 2462 3833 ‘’Ocem

61 3854 312 3914 haberes,
353 3858 511 3906 nulla
537 3858 691 3925 prior
717 3858 1015 3924 alesfforet,
1048 3857 1152 3911 ubi
1181 3876 1235 3911 v.
1266 3858 1461 3927 Intpp·

123 3923 312 3973 Cornu
337 3924 644 3995 praesignis
672 3925 908 3994 adunco]
981 3926 1161 3977 Cornu
1205 3926 1479 3977 aduncum
1510 3936 1599 3980 est
1640 3941 1807 3978 arcus
1840 3925 2131 3979 incurvus.
2169 3942 2221 3976 v·
2263 3921 2457 3977 Heius.

61 3989 124 4045 ad
169 3992 231 4044 h.
283 3992 324 4049 l.
365 3990 682 4065 Praesignis
709 3995 749 4049 i.
785 4014 850 4068 q2
872 3994 1122 4063 insignis.
1159 3998 1388 4050 Metam.
1415 3992 1482 4060 3,
1518 3996 1605 4051 32.
1678 3992 1890 4064 Anguis
1934 4000 2049 4044 erut
2092 3992 2267 4045 cristis:
2302 4008 2459 4063 prae-

59 4060 219 4130 signis
243 4070 300 4111 et
336 4080 496 4115 auro.
535 4083 588 4119 v.
621 4066 797 4121 Drak.
832 4063 905 4117 ad
935 4064 1036 4118 Sil.
1067 4064 1194 4117 Ital.
1226 4064 1294 4129 6,
1335 4064 1426 4129 43.
2040 4126 2044 4135 ,

119 4130 196 4184 V.
231 4135 318 4197 4ο.
395 4128 588 4200 Delia]
659 4133 698 4187 i.
737 4150 792 4193 e.
831 4133 1052 4198 Diana,
1103 4150 1260 4206 quae
1310 4132 1390 4185 sie
1443 4143 1725 4196 vocatur,
1792 4129 1969 4205 ,quod
2010 4150 2139 4187 cum
2184 4129 2461 4202 Apolline

1 4245 3 4250 .
59 4197 238 4252 fratre
267 4218 396 4254 uno
426 4200 682 4255 Latonae
717 4213 894 4273 partu
917 4203 976 4255 in
1007 4202 1194 4257 lucem
1220 4200 1371 4257 edita
1401 4212 1489 4256 est
1522 4201 1580 4254 in
1602 4200 1779 4257 Delo.

119 4270 192 4321 V.
223 4272 315 4335 41.
393 4266 606 4321 Pressis
630 4270 687 4319 in
724 4271 858 4323 retia
896 4269 1082 4339 cervis]
1155 4269 1409 4322 Premere
1423 4271 1617 4338 feram
1662 4269 1910 4342 proprie
1946 4268 2175 4329 elicitur*
2193 4278 2458 4335 venator,

60 4336 156 4407 qui
186 4336 376 4391 feram
415 4340 672 4392 clamore
707 4350 766 4394 et
797 4358 970 4394 cursu
1043 4340 1392 4413 ersequitur.
1429 4338 1593 4413 Virg.
1624 4342 1772 4395 Geo.
1804 4340 1869 4405 3,
1906 4340 2028 4405 413.
2097 4338 2315 4409 Ingenti
2345 4339 2462 4387 cla-

59 4423 200 4455 more
271 4424 446 4456 remes
477 4408 534 4456 in
567 4407 701 4457 retia
729 4424 959 4462 cervum.
995 4358 1101 4464 gil.
1133 4408 1260 4464 Ital.
1299 4426 1395 4473 10,
1436 4411 1552 4464 126.
1597 4442 1607 4451 -
1628 4407 2073 4478 Libycasoetam
2110 4410 2296 4459 tellure
2326 4409 2471 4457 leue·

59 4492 180 4523 nam
279 4484 474 4525 enutor
500 4476 713 4546 premit.
749 4478 956 4551 v‚1ntp
1009 4514 1021 4526 .
1053 4476 1125 4533 ad
1159 4480 1215 4533 h.
1240 4477 1278 4532 l.
2404 4490 2411 4502 “

139 4542 218 4599 V.
243 4546 332 4609 42.
411 4542 667 4613 Hortari]
728 4546 768 4599 i.
833 4566 884 4602 e.
937 4566 966 4601 c
994 4566 1194 4603 amore
1241 4547 1508 4601 incitare.
1592 4548 1717 4599 Hoc
1760 4546 2000 4601 verbum
2048 4546 2107 4599 in
2152 4544 2459 4602 venatione
