2909 5050
932 194 1011 250 m
1047 196 1173 252 ov.
1215 195 1383 252 ΗΕΒ.
1424 195 1551 252 x11.
1588 177 1608 194 ²
1740 252 1742 256 ,
2322 189 2426 258 ¹75

38 351 155 404 cula
193 349 389 410 subit,
434 365 585 427 quae
613 345 715 406 illa
744 364 935 404 secum
964 347 1125 402 ferre
1150 358 1416 420 possunt.
1469 347 1634 421 Virg.
1661 345 1806 402 Aen.
1837 347 1890 406 6.
1928 345 2005 409 15.
2077 343 2438 416 Praepetibus

34 417 220 490 pennis
248 432 414 470 ausus
440 437 495 468 se
524 415 731 468 credere
775 417 943 472 coeto.
1011 419 1247 474 Petron.
1296 423 1411 472 115.
1460 435 1582 466 cum
1619 433 1940 486 poneremus
1985 415 2292 482 consilium,
2349 415 2436 466 cui

39 506 125 537 nos
153 487 376 558 regioni
407 486 753 603 cgederemus.
840 485 943 539 ubi
972 505 1025 540 v.
1054 487 1257 540 Burm.
1290 487 1395 542 Ον.
1426 483 1598 539 Trist.
1647 503 1675 538 2
1695 488 1872 557 ,κ329.
1945 481 2072 534 Νοη
2117 483 2238 534 ideo
2282 484 2437 536 debet

69 558 143 606 eiu
189 575 224 604 ο
247 575 305 606 se
338 573 421 606 cre
463 573 563 608 ere.

35 577 65 628 p
96 575 337 694 Ici'inque
371 625 589 688 nocens]
626 615 883 695 Respicit
918 619 991 676 ad
1010 623 1342 694 opinionem
1369 623 1650 687 veterum,
1673 621 1772 694 qui
1792 621 2130 686 credebant,
2148 639 2438 694 nusquam

41 691 349 746 vindictam
381 693 626 746 divinam
662 709 784 746 esse
814 693 1286 763 praesentiorem,
1322 709 1498 764 quam
1527 691 1586 744 iu
1613 689 1788 751 mari,
1839 692 1885 745 si
1931 691 2200 746 scelerati
2242 709 2302 745 se
2351 689 2440 744 illi

40 762 480 816 committerent.
508 779 561 813 v.
596 762 735 814 Hor·
766 763 814 816 3.
862 761 1049 815 Carm.
1088 780 1140 827 2,
1176 762 1254 816 28.
1292 772 1349 814 et
1381 761 1487 816 Ov.
1519 759 1624 830 Ep.
1650 779 1702 830 7,
1737 762 1822 828 57.

96 832 169 884 V.
210 849 325 902 ¹19·
394 827 609 879 Numen
638 831 734 880 ubi
765 839 841 880 est
857 828 904 898 ?]
975 829 1069 884 Sic
1100 832 1417 891 exclamat,
1458 829 1622 902 quasi
1649 839 1904 910 negaret,
1939 831 2101 884 Deos
2137 846 2294 894 esse,
2331 826 2434 902 qui

39 899 290 1024 Jsvrlaelmiii
324 909 381 1022 efit
409 915 629 971 poenas
660 898 1093 954 distribuerent.
1186 901 1274 953 De
1303 899 1411 952 hac
1436 909 1703 952 veterum
1731 899 2026 970 impietate
2059 917 2110 951 v.
2149 899 2330 952 Drak.
2359 898 2436 952 ad

78 970 89 1020 l
116 1007 129 1020 ο
188 978 249 1022 ta
280 1005 293 1018 ι
522 1003 543 1022 ο
978 979 993 987 ἢ

98 1037 165 1090 V.
208 1054 329 1093 121.
387 971 817 1106 ’ὃξῖιρὶεςαᾰεῇ
868 1037 1003 1090 Duo
1038 1036 1269 1110 scopuli
1300 1037 1357 1090 in
1387 1035 1572 1090 Ponto
1600 1035 1850 1099 Euxino,
1892 1037 1993 1108 qui
2025 1037 2176 1090 inter
2201 1053 2264 1090 se
2299 1053 2433 1089 con-

42 1105 349 1160 currebant
373 1116 430 1159 et
468 1105 951 1178 confligebantur‚
988 1104 1109 1170 sed,
1146 1123 1214 1159 ex
1252 1125 1369 1178 quo
1412 1107 1574 1158 navis
1610 1108 1774 1176 Argo
1813 1105 2161 1161 transiisset.
2206 1105 2433 1160 immoti

43 1174 279 1229 stabant.
348 1178 647 1244 Frequens
692 1192 893 1228 eorum
922 1175 1141 1229 mentio
1188 1173 1341 1248 apud
1392 1173 1778 1247 expeditionis
1817 1175 2252 1246 Argonauticae
2291 1174 2430 1228 scri-

43 1255 251 1315 ptores.
291 1263 341 1298 v.
382 1245 580 1325 Hygin.
610 1244 749 1297 Fab.
785 1259 863 1312 ¹9-
903 1255 963 1298 et
990 1261 1073 1299 21.
1418 1282 1421 1284 ψ
1491 1275 1500 1284 κ
1841 1247 1852 1262 “

96 1312 169 1366 V.
204 1315 329 1375 123.
406 1313 612 1364 Meum
650 1313 929 1384 exquisite
953 1311 1163 1367 dicitur
1190 1330 1301 1384 pro
1326 1313 1639 1384 projicere.
1725 1310 1974 1366 Phaedr.
2009 1330 2060 1378 1,
2087 1308 2176 1375 23,
2207 1313 2261 1367 3.
2317 1309 2431 1362 Νο-

45 1390 251 1434 etur-nus
286 1402 410 1434 cum
426 1384 533 1451 sur
602 1400 759 1432 anem
786 1381 1014 1432 misisset
1035 1382 1188 1452 pani,
1238 1398 1287 1446 2,
1328 1384 1386 1448 3,
1429 1400 1475 1431 2.
1547 1380 1795 1432 Tinctum
1825 1397 2009 1430 cruere
2051 1399 2256 1461 panem
2289 1381 2437 1430 misit

44 1448 305 1518 healeftco.
378 1451 511 1506 Seu.
550 1401 733 1522 Epist.
767 1468 849 1515 27.
898 1449 1100 1502 Canem
1134 1451 1299 1500 missa
1347 1468 1381 1499 a
1424 1449 1646 1500 doenino
1661 1451 1886 1516 frustra
1921 1468 2086 1520 panes
2131 1457 2314 1520 aperto
2343 1467 2432 1500 ore

44 1527 363 1588 captantem.
434 1541 486 1572 v.
526 1520 708 1574 Gron.
744 1517 987 1574 ad2Se1'1.
1022 1519 1259 1572 Consol.
1291 1519 1361 1572 ad
1394 1517 1572 1574 Marc.
1605 1521 1656 1574 5.
1865 1565 1881 1580 ,

102 1588 171 1640 V.
220 1591 343 1656 124.
413 1585 617 1640 Debuit
655 1588 881 1658 ingratis
926 1587 1087 1657 etc-J·
1134 1589 1304 1640 More
1350 1588 1604 1643 aliorum
1657 1597 1964 1658 poetarum
2017 1585 2256 1642 Ovidius
2302 1603 2441 1640 con·

43 1655 222 1713 fundit
270 1658 555 1730 Scyllam,
603 1658 815 1710 Phorci
854 1656 1066 1721 filiam,
1118 1667 1445 1710 monstrum
1491 1656 1812 1728 mar-inum,
1865 1673 1994 1708 cum
2037 1656 2266 1727 Scylla,
2316 1656 2442 1710 Nisi

45 1725 146 1778 filia
169 1765 186 1792 ‚
219 1745 376 1797 quae
401 1727 657 1780 Minoem
682 1727 967 1800 ingratum
1000 1737 1241 1796 experta
1264 1737 1407 1779 erat.
1444 1744 1498 1782 r.
1539 1727 1738 1778 Heius.
1773 1723 1848 1776 ad
1879 1723 2016 1780 Sab.
2041 1727 2152 1798 Ep.
2188 1743 2238 1789 1,
2268 1723 2355 1780 33.

100 1795 167 1847 V.
205 1802 328 1852 125.
380 1795 438 1844 V
436 1795 593 1867 omit]
662 1795 697 1847 i.
720 1814 769 1849 e.
806 1794 1151 1866 Charybdis,
1202 1813 1349 1866 quae
1372 1812 1546 1867 saepe
1573 1811 1602 1846 a
1631 1793 1826 1866 poetis
1854 1793 2090 1865 fingitur
2117 1812 2232 1846 non
2259 1792 2433 1847 modo

45 1861 277 1925 fluctus,
305 1862 409 1918 sed
446 1865 619 1920 etiam
641 1881 814 1918 naves
846 1865 1089 1932 sorbere
1120 1877 1178 1919 et
1207 1881 1530 1918 revomere.
1576 1884 1626 1916 v.
1656 1863 1830 1919 Drak.
1856 1861 1926 1914 ad
1955 1863 2058 1918 Sil.
2082 1863 2208 1931 Ital.
2232 1879 2281 1928 2,
2313 1864 2438 1926 307.

102 1931 395 2003 Resorbet]
433 1937 499 1988 In
518 1945 634 1988 vet.
662 1933 804 1986 cod.
833 1953 945 2004 pro
971 1933 1203 1986 resorbet
1214 1932 1490 1986 scribitur
1514 1933 1735 1992 recillet.
1789 1930 1964 2009 Quod
1988 1933 2229 1991 verbum
2261 1931 2439 2004 quale

47 2002 136 2066 sit,
199 2021 275 2054 ne
318 2015 378 2056 at
424 2004 620 2056 Burm.
676 2019 734 2055 se
778 2015 1055 2074 exputare
1094 2019 1291 2074 posse.
1374 2001 1434 2056 Si
1481 2019 1656 2056 unam
1700 2001 1929 2053 literam
1973 2011 2436 2072 transponamus,

48 2070 221 2125 existit
250 2089 279 2124 e
308 2071 671 2143 egentissima
696 2072 873 2126 lectio
902 2074 1120 2126 recellit.
1192 2073 1293 2124 Est
1320 2081 1512 2124 autem
1541 2072 1785 2120 recellere
1806 2107 1822 2133 ‚
1860 2067 2146 2123 reducere
2165 2109 2181 2133 ‚
2219 2071 2277 2121 in
2301 2087 2438 2140 pro-

43 2139 275 2192 fundum
302 2141 583 2208 rejicere,
620 2142 947 2202 retrahere,
998 2150 1063 2193 ut
1102 2141 1362 2190 excellere
1399 2139 1642 2210 proprie
1687 2150 1773 2191 est
1809 2137 1868 2191 in
1901 2137 2084 2191 altum
2110 2139 2340 2193 tollere.
2382 2157 2434 2193 v·

43 2210 183 2262 Fest.
211 2209 272 2262 in
302 2209 362 2263 h.
398 2229 448 2264 v.
486 2221 543 2263 et
575 2209 754 2263 Gron.
793 2209 866 2262 ad
899 2208 1021 2263 Liv.
1057 2211 1141 2276 24,
1176 2208 1260 2274 34.
1311 2220 1371 2261 et
1405 2209 1579 2262 Ohss.
1616 2225 1662 2272 ι,
1699 2227 1752 2276 7.
2189 2252 2199 2260 .
2252 2234 2256 2238 ·
2440 2271 2448 2280 .

104 2277 169 2329 V.
213 2279 328 2332 126.
422 2275 731 2343 Trinacria]
830 2279 1145 2350 Antiquam
1184 2294 1395 2330 nomen
1436 2276 1700 2340 Siciliae,
1758 2291 1907 2346 quae
1945 2275 2024 2328 sic
2062 2273 2372 2329 dicebatur
2403 2289 2438 2326 a

49 2345 225 2400 tribus
262 2347 724 2418 promontoriis,
762 2365 893 2400 nam
932 2347 1061 2416 ἄκρα
1100 2347 1321 2402 Graece
1357 2345 1837 2418 promontorium.
2380 2358 2384 2367 ³

104 2411 505 2484 Supposuisset]
576 2416 611 2468 i.
650 2433 700 2471 e.
754 2416 1177 2479 submersisset.
1236 2415 1377 2468 Met.
1422 2416 1518 2481 13,
1555 2415 1678 2486 953.
1733 2411 1967 2464 Pectora
1996 2411 2316 2483 fluminibus
2349 2411 2438 2479 J'u-

48 2485 160 2533 ἶπον·
186 2503 489 2555 supponere
527 2494 754 2540 centum.
1165 2542 1174 2550 ,
1976 2513 2029 2540 κ

104 2555 169 2612 V.
214 2572 332 2626 129.
381 2552 620 2625 *Pietate
658 2552 933 2622 nocentes]
1012 2556 1232 2625 Nempe
1268 2552 1466 2611 Peliae
1492 2553 1694 2618 filiae,
1766 2550 2066 2607 credentes
2114 2549 2440 2623 praestigiis

48 2622 315 2688 Medeae,
378 2635 607 2695 patrem
647 2642 715 2675 ex
766 2640 905 2675 sene
943 2624 1212 2691 juvenem
1251 2622 1378 2675 fieri
1427 2640 1635 2693 posse,
1693 2639 1822 2674 eum
1874 2621 2126 2675 occisum
2178 2620 2238 2673 in
2285 2622 2435 2673 ae‘no

48 2703 333 2745 coxerunt.
403 2692 687 2750 Fabulam
722 2700 925 2747 narrat
962 2690 1203 2746 Ovidius
1237 2692 1379 2745 Met.
1414 2708 1472 2760 7,
1511 2710 1626 2774 297.
1689 2709 1818 2763 sqq.

104 2762 174 2813 V.
223 2762 342 2826 134.
386 2760 523 2811 Cede
550 2760 739 2831 domo]
809 2760 1082 2815 Solennis
1119 2760 1373 2814 formula
1405 2760 1465 2815 in
1502 2760 1777 2820 divortio.
1852 2759 2132 2814 Titinnius
2163 2776 2194 2813 a
2285 2760 2436 2815 Non.

47 2830 301 2884 Marcell.
364 2874 378 2887 ,
417 2830 536 2885 306.
572 2832 784 2881 nune-iet
811 2831 979 2881 uxori
1006 2829 1065 2879 ui
1092 2848 1174 2879 res
1202 2848 1331 2879 suas
1351 2840 1619 2898 procuret,
1657 2827 1878 2880 aedibus
1881 2830 2146 2896 facessat.
2250 2826 2434 2881 artial.

48 2915 94 2960 2,
132 2900 240 3019 ἰρὸ.
290 2848 875 3022 fffiorjoadesoras,
912 2908 1006 2949 aut
1038 2898 1279 2975 moribus
1322 2907 1466 2949 utere
1509 2898 1721 2953 nostris.
1768 2918 1816 2952 v-
1853 2898 2111 2953 Brlsson.
2163 2897 2233 2952 de
2285 2898 2334 2950 F
2339 2914 2460 2974 or-N

46 2986 131 3021 mu
157 2985 222 3023 is.
306 3010 319 3024 .
471 3003 482 3014 ·

105 3038 176 3091 V.
218 2986 337 3093 13³8.
396 2969 747 3108 ‘'gampades]
813 3036 1061 3092 Dubitat
1098 3037 1327 3095 Burm.‚
1373 3035 1670 3107 lampades
1720 3046 1916 3090 utrum
1967 3036 2079 3090 sint
2127 3034 2436 3106 lychnuchi

86 3106 323 3169 ensiles‚
378 3124 451 3161 an
486 3108 647 3175 faces
684 3108 997 3179 nuptiales.
1079 3107 1225 3161 Cum
1265 3105 1335 3158 de
1372 3104 1592 3175 nuptiis
1629 3122 1820 3159 sermo
1859 3104 1966 3172 sit,
2020 3123 2139 3159 11011
2176 3105 2436 3159 dubitan-

45 3123 167 3228 gum
190 3214 206 3241 ‚
240 3176 401 3231 faces
436 3192 593 3240 esse,
629 3188 697 3231 ut
734 3193 763 3228 a
813 3218 827 3232 .
865 3179 1115 3240 Terent„
1138 3174 1390 3246 Adelph.
1430 3178 1486 3239 5,
1523 3192 1577 3243 ¹7,
1613 3191 1664 3245 9.
1788 3214 1800 3225 .

108 3246 177 3297 V.
220 3246 339 3316 139.
418 3242 579 3295 Tibia
614 3246 755 3311 effim
794 3246 837 3295 it
865 3243 1109 3295 car-mina
1204 3244 1240 3300 i.
1279 3262 1331 3297 e.
1370 3242 1488 3297 edit
1523 3244 1778 3297 musicos
1815 3260 2010 3298 sonos.
2084 3242 2436 3315 Sen.Agam.
2478 3271 2483 3276 ·

50 3312 156 3380 584.
231 3310 507 3383 Sacrifica
552 3314 733 3365 dulces
770 3314 902 3365 tibia
946 3312 1085 3377 effun
1166 3321 1187 3363 t
1228 3312 1439 3366 modos.
1513 3332 1580 3365 v.·
1604 3312 1788 3366 Gron.
1825 3312 1898 3365 ad
1933 3314 2119 3366 Plaut.
2159 3311 2350 3367 Casia.
2380 3314 2435 3378 4,

47 3383 92 3445 3,
120 3384 167 3437 8-
218 3378 494 3468 ‘Social'i‘a
543 3382 803 3455 intellige
850 3382 1177 3465 conjugalia
1232 3400 1263 3436 e
1320 3398 1528 3453 graeco
1577 3382 1738 3449 ζύγια.
1819 3381 1913 3436 Sic
1957 3382 2051 3434 Dii
2097 3382 2436 3499 nuptiggrum

47 3450 542 3591 52?22⁵}‘}}}zfiss⁷‚‘if
578 3463 920 3589 ζοέἒέξῗῑῒ,
957 3451 1198 3571 ΞᾎΤέἔὲῖ
1222 3449 1899 3590 Ξὲοἷίσῶἓῗιξῖἓῖέῒ·
1933 3469 2040 3579 ,fs
2055 3450 2435 3573 &suffit

108 3591 179 3643 V.
225 3593 343 3655 140.
418 3584 869 3658 Funereastuba]
969 3588 1159 3641 Tabae
1210 3586 1483 3649 divitum,
1540 3586 1702 3638 tibiae
1795 3605 2079 3661 auperum
2128 3587 2436 3641 funeribus

46 3656 307 3780 ffihiherg
344 3658 633 3714 solebant.
704 3660 883 3733 Prop.
921 3676 975 3727 2,
1017 3676 1100 3726 10,
1142 3674 1225 3716 ao.
1294 3654 1408 3709 Nee
1454 3657 1586 3707 tuba
1621 3656 1691 3706 sit
1756 3658 1835 3706 ati
1882 3674 2024 3707 vana
2058 3659 2276 3726 querela
2307 3656 2432 3711 mei.

120 3727 139 3779 i
172 3748 223 3780 v.
309 3738 551 3783 asserat.
1645 3781 1656 3793 .
2268 3753 2277 3761 “

13 3834 16 3841 -
104 3797 172 3851 V.
215 3797 335 3862 143.
408 3794 803 3866 Frequentant]
872 3798 909 3853 i.
946 3813 997 3853 e.
1033 3813 1207 3868 saepe
1243 3793 1480 3861 dicunt,
1529 3804 1824 3867 repetunt.
1859 3794 2028 3850 Auct.
2065 3792 2136 3847 ad
2176 3794 2432 3863 Herenn.

44 3864 93 3930 3,
126 3869 208 3934 24.
244 3865 460 3935 primas
485 3884 723 3935 quasque
759 3874 941 3937 partes
980 3866 1037 3915 in
1068 3866 1260 3915 ‚animo
1281 3864 1614 3933 frequenta,
1666 3864 1703 3920 i.
1741 3880 1792 3917 e.
1832 3875 2057 3935 repete,
2091 3864 2438 3935 frequenter

46 3952 105 3987 co
146 3935 248 3989 ita.
292 3933 431 3991 Seu.
456 3932 691 3987 Consol.
724 3936 797 3989 ad
828 3936 1011 3989 Marc.
1038 3936 1092 3989 3.
1142 3933 1464 3985 memoriam
1493 3932 1712 3983 ulterius
1739 3932 1958 3983 retinere
1993 3934 2437 4003 aeft-equentare.

162 4043 175 4057 .
218 4006 337 4071 144.
410 4002 540 4053 Hoc
565 4002 698 4054 mihi
714 4007 871 4075 pejus
900 4002 1038 4073 erat]
1120 4002 1155 4055 i.
1194 4022 1243 4057 e.
1279 4000 1393 4054 hoc
1426 4002 1650 4070 majore
1683 4000 1891 4056 dolore
1929 4000 2246 4057 afficiebar.
2303 4000 2436 4055 Ter.

47 4071 287 4145 Adelph.
314 4072 383 4139 ’4,
422 4072 473 4137 5,
513 4088 595 4123 21.
631 4073 837 4123 Animo
872 4074 1015 4123 male
1046 4081 1139 4129 est.
1210 4070 1424 4125 Catull.
1465 4070 1549 4143 39.
1587 4072 1730 4121 male
1773 4080 1850 4121 est
1893 4080 1984 4120 tuo
2019 4070 2254 4123 Catullo.
2323 4068 2436 4123 Pe-

48 4152 189 4195 tron.
228 4143 318 4211 54.
348 4140 580 4211 pessime
612 4140 747 4191 mihi
778 4150 911 4194 erat.
986 4139 1265 4195 Similiter
1300 4138 1576 4195 dicuntur
1611 4139 1742 4191 bene
1769 4149 1828 4194 et
1857 4141 2048 4191 melius
2070 4156 2180 4191 esse
2211 4138 2391 4195 alicui,

100 4210 171 4263 V.
199 4213 321 4278 145.
358 4206 597 4278 Diversi]
670 4211 756 4268 Ex
790 4212 846 4265 vi
880 4209 1335 4284 praepositionis
1372 4208 1458 4259 dis
1493 4207 1784 4275 dicuntur,
1821 4210 1919 4283 qui
1955 4209 2012 4263 in
2042 4207 2268 4262 diversa
2306 4208 2451 4281 loca

46 4279 358 4343 secedunt,
398 4288 457 4337 et
492 4296 554 4333 se
590 4277 665 4336 ab
707 4280 891 4333 oculis
926 4290 1249 4334 removent.
1333 4280 1447 4333 Vir
1485 4316 1499 4331 .
1537 4278 1681 4337 Aen.
1724 4297 1781 4332 11
1808 4317 1826 4344 ,
1873 4280 1992 4336 855.
2029 4276 2198 4345 «Cur,
2243 4277 2437 4348 inquit,

52 4348 277 4400 diver-ms
301 4344 465 4404 abis?
503 4348 611 4407 Ov.
639 4348 824 4405 Tris&
871 4368 921 4415 1,
960 4350 1017 4415 33
1060 4364 1139 4420 ¹9·
1194 4349 1391 4418 procul
1479 4347 1650 4416 ibycis
1692 4346 1880 4399 aberae
1913 4346 2126 4398 diversa
2167 4347 2264 4399 sub
2311 4345 2436 4403 eris,

44 4436 89 4471 v.
122 4419 329 4491 Intpp.
362 4415 441 4471 ad
474 4416 531 4469 h.
564 4416 604 4473 1.
638 4428 701 4473 et
737 4416 815 4475 ad
848 4418 973 4477 Liv.
1016 4434 1103 4487 10,
1137 4418 1225 4475 33.
1275 4416 1369 4472 An
1404 4414 1653 4470 aoersff.
