2909 5050
1002 218 1241 276 INIOV·
1280 218 1450 276 ΗΕΒ.
1488 219 1561 275 11.
2360 214 2466 280 17

135 365 386 417 Lamina
409 365 585 436 mota]
655 368 714 421 h.
747 385 797 424 e.
837 381 1112 442 quassata
1130 409 1148 437 ,
1187 371 1396 444 agitata
1414 409 1432 434 ,
1469 382 1537 427 ut
1562 371 1775 428 clarius
1798 370 2084 431 lucerent.
2121 373 2229 429 Ov.
2260 373 2403 427 Met.
2416 375 2471 442 4,

65 437 182 508 758.
259 435 452 486 taedas
478 434 833 504 Hymenaeus
863 440 1040 490 Amor
1077 457 1142 490 ue
1172 437 1541 491 Praecutiunt.
1590 441 1692 495 uhi
1730 461 1775 494 v.
1813 442 2005 495 Heius.

131 505 208 559 V.
255 521 370 557 121.
443 501 836 577 Fruticosaque
863 508 1046 558 littora
1140 511 1300 564 Haec
1331 510 1505 565 lectio
1536 510 1591 563 in
1622 509 1835 567 mendo
1867 511 2061 566 cubat.
2131 509 2291 564 Nulli
2320 511 2472 564 enim

67 575 121 626 in
163 571 372 627 littore
421 573 684 645 frutices.
758 576 963 649 Itaque
1005 576 1311 648 probanda
1361 589 1450 632 est
1491 577 1749 632 virorum
1788 578 2099 634 doctorum
2143 577 2471 634 emendatio

61 659 430 712 scruposaque
466 644 666 697 littora
727 644 785 697 h.
840 663 892 699 e.
962 644 1177 718 lapillis
1236 658 1295 701 et
1353 648 1577 720 scrupis
1626 650 1819 720 plena.
1867 666 1921 700 v.
1968 649 2161 702 Heins.
2208 647 2282 702 ad
2333 648 2468 702 val.

63 711 264 765 Flacc.
297 727 358 772 2,
392 712 513 768 518.
583 713 779 770 Burm.
810 714 866 767 le
907 731 1005 768 ere
1039 717 1243 769 mallet
1251 715 1633 786 fruticosaque
1662 717 1917 772 culmina.
1973 716 2109 776 Sed,
2136 729 2203 772 ut
2224 728 2471 784 taceam,

65 780 152 831 vix
184 779 384 859 ‚littora
422 782 479 834 in
525 781 764 832 culmina
813 731 1132 836 aqibrariis
1177 786 1439 850 converti
1487 786 1781 856 potuisse,
1850 784 2175 858 tautologia
2226 803 2294 840 ex
2362 787 2472 840 hae

65 849 323 902 lectione
361 850 570 907 oritur.
652 851 796 904 Nam
825 853 1033 921 scopuli
1061 865 1119 907 et
1152 851 1388 903 culmina
1419 853 1511 906 vix
1557 853 1849 908 differunt.
1918 855 2229 909 Praeterea
2258 856 2470 905 culmen

65 935 384 990 numquam
411 918 751 990 simpliciter
785 919 1000 974 dicitur
1027 939 1137 993 pro
1167 922 1495 994 monte'vel
1524 923 1693 977 colle.
1765 921 2265 997 Aequiescendum
2294 922 2473 996 igitur

65 987 118 1039 in
149 986 465 1057 proposita
494 985 915 1050 emendatione.
2186 1042 2197 1060 ,

132 1057 207 1108 V.
254 1071 370 1107 122.
439 1052 690 1126 ‘Quaque
727 1057 937 1128 patent]
1025 1057 1087 1112 Si
1128 1061 1277 1110 calco
1333 1078 1461 1114 cum
1502 1077 1741 1131 aequora
1802 1061 2108 1132 jungatur,
2180 1056 2470 1114 absurdus

67 1140 268 1176 sensus
305 1122 511 1178 existit.
583 1127 780 1178 Burm.
811 1125 988 1197 igitur
1014 1127 1281 1184 tentabat
1308 1131 1493 1180 littora
1523 1132 1653 1180 lata.
1726 1131 1942 1184 Verum
1985 1139 2199 1202 poetae
2238 1145 2471 1201 semper

63 1193 246 1242 littora
282 1209 478 1252 curva,
527 1196 694 1264 longa
737 1194 956 1261 dicunt,
1008 1213 1300 1268 nunquam
1339 1201 1475 1254 lata.
1546 1196 2085 1252 Commodissimum
2113 1197 2305 1258 fuerit,
2337 1216 2469 1252 cum

63 1261 432 1333 Heusingero
481 1262 679 1318 locum
727 1264 806 1316 sic
843 1263 1290 1336 interpungerex
1338 1265 1548 1318 Moesta
1586 1276 1768 1317 tamen
1804 1268 2055 1335 scopulos
2085 1267 2467 1336 fruticosaque

65 1331 223 1379 litora
271 1331 460 1388 σαῖς-0,·
511 1329 742 1401 Quaque
780 1341 974 1402 patent
1011 1335 1182 1386 oculis
1218 1353 1458 1406 aequora
1504 1337 1623 1386 lata
1667 1334 1849 1394 meis,.
1887 1329 2047 1400 (Sive
2096 1333 2182 1384 die
2234 1336 2468 1386 laxatur

62 1397 274 1456 humus,
319 1416 412 1448 seu
428 1399 651 1480 frigida
680 1403 856 1451 lucent
887 1398 1105 1468 Sidera)
1137 1405 1406 1474 prospicio
1431 1413 1527 1454 etc.
1850 1411 1857 1420 “

127 1465 200 1518 V.
243 1467 367 1521 123.
460 1464 583 1520 Swe
619 1468 729 1538 die]
809 1471 1058 1541 Elegans
1105 1470 1216 1523 diei
1269 1483 1328 1526 et
1368 1473 1557 1526 noctis
1602 1470 1987 1545 periphrasi&
2070 1467 2181 1521 Die
2234 1473 2467 1522 laxatur

65 1535 285 1596 humus,
345 1536 404 1588 h.
459 1555 510 1590 e.
563 1539 706 1591 solis
759 1549 958 1611 tepore
1001 1540 1284 1605 solvitur,
1355 1541 1651 1614 aperitur,
1730 1559 1881 1614 quae
1924 1549 2211 1594 nocturno
2252 1540 2467 1612 frigore

67 1603 525 1728 {astrictadfffti
585 1609 732 1662 Hor.
790 1625 835 1663 1.
887 1627 934 1664 c.
975 1611 1050 1690 4,
1099 1625 1176 1662 10.
1241 1610 1417 1679 flore,
1481 1618 1651 1662 terrae
1693 1628 1852 1680 quem
1873 1610 2075 1678 ferunt
2124 1609 2353 1663 solutae.
2406 1628 2463 1662 v.

91 1684 150 1726 nt
241 1707 255 1721 ·
298 1690 328 1725 a
453 1713 466 1727 .
531 1713 544 1730 .
1061 1695 1075 1712 ¹

125 1690 363 1808 {1³12ss
437 1739 776 1813 Prospicere]
845 1745 1094 1828 Proprie
1124 1758 1210 1801 est
1244 1747 1452 1802 exalto
1481 1746 1696 1802 videre.
1786 1747 1896 1822 Ep.
1936 1747 1991 1810 5,
2028 1747 2115 1804 63.
2147 1782 2154 1790 -
2190 1745 2308 1794 vela
2344 1751 2467 1795 tuae

63 1813 324 1880 prospexi
365 1811 549 1881 prima
597 1813 834 1865 carinae.
873 1813 973 1868 ub·
1023 1834 1072 1868 v.
1105 1817 1366 1888 Interpp.
1401 1816 1559 1890 Virg.
1596 1818 1741 1871 Aen.
1777 1817 1845 1882 3,
1895 1817 2016 1884 648.
2087 1823 2368 1882 vastosque
2396 1812 2468 1864 ab

65 1896 180 1949 rupe
217 1879 492 1948 Cyclopas
524 1878 819 1950 Prospicis.
859 1902 913 1936 v.
947 1885 1155 1938 Marid-
1192 1884 1266 1938 ad
1299 1885 1442 1940 Stat.
1473 1885 1625 1954 Sylv.
1666 1904 1730 1950 2,
1773 1903 1836 1950 2,
1870 1887 1959 1953 45.
2022 1908 2029 1914 ·

12 1969 14 1981 =
123 1948 192 2002 V.
233 1949 356 2005 126.
429 1946 584 2000 Meos
611 1947 786 2030 Deos]
857 1952 912 2009 h.
952 1970 1003 2006 e.
1038 1953 1359 2025 propitios,
1393 1954 1656 2008 faventes
1677 1993 1694 2018 ‚
1734 1954 1832 2028 qui
1866 1965 1922 2008 te
1957 1951 2095 2006 mihi
2129 1949 2466 2005 restituunt.

12 2067 14 2084 ;
63 2019 104 2070 Ε
148 2055 161 2070 .
204 2034 264 2070 ¹2
287 2054 304 2080 ‚
339 2019 426 2083 84.
503 2015 616 2069 Sed
641 2018 774 2068 mih·
811 2029 924 2071 lam
932 2021 1139 2088 faciles
1172 2022 1332 2082 unde,
1362 2041 1611 2092 meosque
1644 2020 1834 2073 Deos?
1886 2021 2049 2092 Virg.
2089 2020 2233 2073 Aen.
2263 2037 2312 2084 2,
2348 2019 2469 2086 396.

12 2091 15 2132 ;
119 2084 339 2136 adimus
371 2086 616 2136 immixti
639 2085 860 2138 Danais
887 2089 1040 2139 haud
1082 2095 1299 2140 numine
1339 2100 1541 2145 nostro.
1634 2091 1844 2146 Tibull.
1879 2091 1942 2154 3,
1986 2093 2059 2154 3,
2101 2091 2185 2144 28.
2254 2085 2471 2136 Audt'sst

65 2172 392 2277 {ver-stillum
421 2174 570 2206 meus
601 2172 731 2206 aare
749 2155 920 2212 Deus.
973 2158 1239 2212 ubihanc
1259 2159 1597 2232 elegantiam
1624 2159 1895 2233 pluribus
1912 2158 2189 2230 exemplis
2211 2156 2469 2210 illustrat

109 2242 208 2276 rou
300 2267 314 2280 .
902 2251 911 2259 ·

121 2295 196 2348 V.
242 2295 364 2348 128.
435 2291 639 2345 Mobile
667 2293 783 2362 etc.]
852 2296 1100 2367 Elegans
1138 2294 1462 2369 descriptio
1501 2297 1711 2352 litoris.
1872 2355 1886 2367 .

123 2360 195 2418 V.
242 2379 362 2435 ¹²9·
434 2360 624 2412 Minus
645 2369 695 2412 et
725 2363 902 2416 minas
933 2365 1103 2429 utilis]
1173 2365 1229 2418 h.
1266 2383 1312 2418 e.
1355 2366 1541 2420 minus
1567 2384 1693 2420 com
1741 2382 1806 2418 os
1854 2365 2083 2427 mentis,
2113 2364 2208 2420 vel
2247 2363 2342 2416 ine
2387 2373 2468 2416 ta.

65 2433 162 2503 Ep.
197 2450 254 2497 1,
302 2432 420 2487 105.
459 2440 518 2480 ut
549 2431 642 2502 qui
671 2432 740 2482 sit
766 2432 981 2484 inutilis-
999 2433 1185 2492 armis,
1225 2453 1278 2486 v.
1308 2433 1660 2507 Interpp.-h.
1717 2475 1729 2489 .
1801 2433 1953 2486 Ante
1978 2433 2157 2483 minus
2191 2449 2343 2503 supp
2374 2448 2466 2484 en-

70 2499 189 2553 dum
219 2518 320 2560 eo,
363 2499 522 2575 quod
555 2517 729 2573 saepe
753 2515 890 2573 post
907 2520 1012 2573 quo
1052 2501 1355 2558 omittitur.
1423 2504 1529 2575 Ep.
1568 2507 1634 2571 4,
1678 2520 1759 2574 19.
1837 2500 2002 2552 Venit
2030 2518 2188 2551 amor
2278 2501 2463 2561 avius,

68 2590 162 2639 quo
199 2568 392 2623 serius.
493 2571 674 2624 Rutil.
713 2572 883 2643 Lup..
918 2592 960 2627 ι,
997 2588 1053 2642 p.
1096 2588 1176 2637 17·
1231 2590 1336 2641 quo
1375 2574 1503 2640 plus
1543 2572 1740 2631 habes,
1786 2570 1962 2640 magis
1994 2587 2131 2640 eges.
2246 2570 2297 2622 ic
2330 2578 2471 2642 post

69 2647 263 2708 quanto
303 2641 482 2710 magis
531 2639 819 2693 omittitur
847 2648 1017 2694 tanto.
1087 2639 1233 2697 Plin.
1278 2640 1489 2713 Paneg.
1535 2641 1859 2710 73³qucmto
1898 2638 2074 2708 magis
2131 2656 2166 2687 a
2208 2646 2257 2689 te
2300 2638 2468 2708 repri-

14 2750 16 2757 .
68 2707 342 2767 mebatur,
380 2707 702 2759 exarsimus.
743 2706 847 2762 ubi
883 2729 932 2764 v.
971 2710 1187 2764 Swarz.

125 2778 200 2829 V.
246 2777 368 2831 130.
441 2774 712 2856 Linquor]
781 2777 906 2832 scil.
941 2778 1154 2842 animo,
1191 2776 1357 2848 quod
1394 2776 1494 2829 alii
1534 2777 1841 2849 scriptores
1883 2773 2102 2831 addere
2146 2774 2363 2842 solent,
2400 2784 2466 2829 ut

14 2880 16 2883 >
69 2845 222 2899 Suet.
253 2844 428 2899 Caes.
473 2847 562 2911 45.
598 2846 700 2895 nist
732 2846 881 2915 quod
907 2856 1117 2917 repente
1147 2846 1332 2895 animo
1365 2845 1547 2915 linqui·
1564 2846 1790 2895 solebat.

14 2914 16 2917 ’
128 2911 504 2983 Excipienda]
573 2912 845 2984 Excipere
871 2915 1113 2987 proprie
1144 2914 1390 2981 dicitur,
1429 2915 1531 2987 qui
1561 2906 1863 2969 cadentem
1893 2914 2157 2967 sustinet.
2184 2915 2291 2968 Ov.
2321 2914 2465 2969 Met.

14 2984 16 3029 ἵ
67 3000 150 3048 10,
193 2984 312 3039 186.
351 2984 621 3053 collapsos
670 2982 872 3052 excipit
916 2993 1084 3037 artus.
1125 2983 1261 3037 Val.
1278 2986 1326 3038 F
1328 2983 1471 3039 laec.
1489 3000 1539 3049 α,
1569 2986 1686 3040 253.
1722 2992 1848 3033 tunc
1880 2982 2085 3053 excipit
2130 2991 2299 3037 anus.
2358 2982 2486 3035 uhi¹

14 3082 17 3091 ·
65 3073 110 3107 v.
144 3053 348 3109 Burm.
1518 3079 1531 3093 ⁵

125 3122 197 3175 V.
239 3121 360 3175 131.
430 3118 717 3170 Adductos
745 3120 802 3170 in
835 3137 993 3171 arcus
1090 3118 1312 3171 Adduci
1339 3138 1510 3174 arcus
1550 3118 1791 3174 dicitur.
1828 3120 1992 3187 cujus
2026 3136 2243 3173 nervus
2282 3117 2466 3173 tendi·
2504 3158 2509 3167 .

14 3192 16 3199 '
69 3199 169 3244 tur.
237 3189 411 3261 Virg.
460 3189 605 3242 Aen.
649 3190 719 3250 5,
772 3190 890 3254 507.
1020 3197 1102 3239 ost
1158 3206 1280 3239 acer
1317 3188 1624 3240 Mnestheus
1667 3186 1901 3239 adducto
1949 3188 2181 3239 constitit
2218 3205 2367 3247 arcu,
2414 3208 2469 3241 v.

69 3256 448 3330 Oudendorp.
482 3256 557 3311 ad
585 3258 799 3315 Lucan.
832 3260 898 3325 3,
933 3276 1053 3329 700.
1129 3256 1382 3329 Simplex
1416 3257 1615 3311 ducere,
1642 3255 1849 3311 eodem
1890 3273 2061 3310 sensu
2096 3268 2185 3311 est
2223 3274 2318 3329 ap.
2363 3256 2467 3310 Sil.

14 3388 16 3395 Ι
67 3328 129 3379 lt.
167 3344 227 3391 2,
271 3344 394 3395 127.
433 3326 532 3379 uhi
573 3346 626 3383 v,
660 3326 953 3379 Drakenb.

129 3390 418 3463 Falcatus]
491 3392 720 3461 Fulccm‘,
758 3406 880 3460 est,
916 3395 984 3447 in·
1011 3394 1246 3449 modum
1287 3394 1452 3451 falcis
1508 3395 1818 3449 incurvari.
1858 3394 2000 3450 Met.
2037 3412 2093 3446 11
2118 3432 2135 3459 ,
2174 3410 2290 3465 229.
2360 3391 2467 3444 Est

71 3464 202 3513 sinus
232 3462 614 3523 Haemoniae,
653 3480 840 3514 curvos
846 3464 1100 3532 sulcatus
1137 3464 1194 3512 in
1235 3482 1408 3514 arcus.
1451 3476 1511 3517 et
1553 3468 1648 3532 14,
1685 3467 1770 3519 51.
1827 3460 2042 3512 Parvus
2082 3471 2199 3512 erut
2234 3480 2462 3533 gurges,

72 3549 241 3583 curvos
265 3533 529 3599 falcatus
569 3532 625 3581 in
675 3550 847 3582 arcus.
941 3534 1130 3586 Etiam
1173 3532 1500 3606 geographi
1538 3535 1597 3585 in
1649 3530 2033 3586 describendo
2095 3532 2271 3584 maris
2334 3530 2465 3583 sinu

71 3599 494 3654 similitudinem
531 3595 606 3655 ab
651 3603 790 3654 arcu
827 3611 1031 3673 petere
1077 3600 1308 3666 solent,
1357 3611 1423 3654 ut
1470 3602 1625 3655 Mela
1675 3619 1697 3652 1
1722 3638 1741 3663 ,
1794 3618 1857 3666 :q
1958 3597 2174 3649 Pontus
2218 3599 2464 3649 sinuatus

69 3678 262 3720 caetera
282 3706 298 3727 ,
337 3666 438 3719 sed
469 3668 809 3735 adsormam
837 3668 1073 3739 Scythici
1105 3688 1263 3719 arcus
1293 3670 1545 3721 maxime
1580 3671 1846 3724 incurvus.

127 3739 198 3790 V.
238 3738 361 3792 132.
441 3734 684 3807 Cornua]
757 3736 905 3793 Sunt
933 3751 1186 3793 extrema
1213 3756 1331 3791 non
1365 3738 1545 3793 modo
1578 3756 1781 3803 arcus,
1820 3736 1919 3791 sed
1951 3736 2122 3789 etiam
2148 3735 2465 3791 multarum

69 3806 304 3860 aliarum
326 3824 558 3872 rerum,
597 3819 664 3861 ut
689 3809 1255 3879 promontoriorum,
1292 3809 1517 3867 Lunae,
1556 3818 1973 3866 antennarum,
2012 3803 2461 3871 subselliorum,

65 3887 121 3928 ut
155 3875 334 3929 docet
377 3876 650 3930 Duker-us
689 3875 762 3929 ad
803 3876 923 3931 Liv.
971 3879 1073 3944 25,
1129 3878 1178 3932 3.
1219 3875 1324 3931 Sil.
1364 3876 1494 3930 Ital.
1533 3893 1596 3940 2,
1657 3879 1770 3931 126.
1810 3874 2011 3941 junctis
2043 3875 2168 3942 jam
2212 3872 2464 3923 cornibus

69 3961 226 3996 arcus-

119 4009 442 4084 Praerupta
477 4010 643 4083 mole]
714 4014 770 4067 h.
797 4032 849 4071 e.
884 4014 1225 4086 praecipiti,
1261 4022 1601 4085 praeacuta.
1672 4011 1828 4065 Male
1862 4022 2059 4065 autem
2086 4011 2281 4067 But-m.
2315 4008 2463 4063 duos

62 4080 211 4135 MSS.
251 4094 496 4137 secutus
522 4101 634 4155 pro
667 4084 808 4133 mole
849 4082 990 4155 legit
1014 4084 1223 4150 fronte.
1295 4086 1436 4138 Nam
1470 4082 1630 4146 frons
1660 4092 1746 4133 est
1776 4079 1966 4133 media
1994 4080 2111 4132 loci
2145 4080 2359 4145 facies,
2396 4088 2463 4132 ut

61 4149 108 4200 in
136 4152 409 4205 exercitu
435 4152 830 4205 extremitates
860 4170 1062 4202 cornua
1093 4162 1412 4215 vocantur,
1429 4151 1601 4219 frons
1637 4148 1827 4203 media
1859 4148 2026 4202 acies.
2102 4148 2265 4225 Quae
2294 4148 2459 4203 notio

63 4218 238 4272 aliena
258 4231 353 4275 est
381 4219 456 4271 ab
493 4222 605 4287 hoc
634 4222 787 4274 loco.
856 4218 1030 4270 Moles
1061 4233 1149 4275 cst
1178 4220 1442 4283 naturale
1455 4224 1652 4290 ‘opum
1693 4234 1812 4271 non
1833 4218 2019 4271 solum
2036 4216 2462 4295 manufactum,

63 4304 172 4357 quo
209 4303 244 4339 a
291 4304 506 4341 uarum
537 4290 622 4342 vis
653 4290 935 4361 excipitur
963 4288 1389 4362 frangiturque.

117 4356 191 4409 V.
235 4374 258 4407 1
303 4360 359 4412 5.
433 4354 774 4429 Projectam]
846 4358 1152 4431 Corpora,
1193 4376 1340 4430 quae
1371 4356 1673 4428 sepultura
1722 4362 1955 4417 carent,
1992 4354 2234 4427 proprie
2264 4354 2465 4427 projici

61 4421 351 4482 dicuntur.
422 4427 527 4481 Ov.
574 4426 662 4480 lb.
720 4428 834 4483 166.
905 4427 1320 4497 Indeploratum
1359 4425 1643 4496 projiciere
1690 4430 1865 4493 caput.
1937 4425 2054 4477 Pro
2104 4462 2119 4476 .
2163 4442 2223 4488 1,
2272 4440 2370 4490 22,
2405 4441 2461 4491 7.

65 4490 138 4541 Tu
147 4496 404 4563 projecta
418 4495 782 4566 meiperpessa
796 4515 849 4547 es
879 4495 1121 4547 membra
1140 4495 1454 4565 propinqui.
1487 4515 1542 4548 v.
1560 4492 1750 4547 Bentl.
1788 4490 1863 4545 ad
1878 4492 2026 4546 Hor.
2057 4442 2248 4565 Epod.
2272 4510 2355 4559 10,
2378 4509 2460 4547 22.

193 4575 429 4614 Ruhnkenia·
452 4576 548 4616 dict.
578 4578 620 4616 in
648 4579 728 4621 ov.
756 4578 922 4618 Hei-oid.
1862 4583 1903 4646 2
