2909 5050
493 224 595 288 28
1423 222 1499 278 D..
1528 224 1597 276 R.
1634 219 1965 296 DICTATA

427 410 433 418 ·
492 389 786 451 tamquam
817 372 1164 432 domicilium
1192 373 1386 427 habet·
1423 373 1561 428 Met.
1588 389 1679 436 ιο,
1718 369 1837 427 536.
1874 367 2247 438 Hortaturque
2284 387 2442 418 canes
2478 368 2582 422 ritu
2606 367 2894 432 succincta,

489 443 732 501 Dianae,
765 447 1084 500 Nemesian.
1115 443 1328 514 Cyneg.
1366 443 1481 514 196,
1552 438 1665 491 Nec
1692 457 1803 488 non
1836 448 2115 490 consuetae
2146 438 2327 487 norint
2364 437 2685 487 hortamina
2730 437 2894 514 occia}

490 534 544 568 v.
572 515 768 570 Heins.
797 514 871 568 ad
899 516 1042 567 Met.
1075 529 1104 564 2
1123 549 1138 575 ,
1179 513 1295 576 242.
2893 537 2894 540 “

561 584 638 638 V.
669 585 758 648 43.
832 581 1086 633 Excusso
1110 577 1335 648 lacerto]
1371 579 1408 631 i.
1429 597 1481 631 e.
1520 573 1897 632 vehementer
1924 577 2157 644 jactato.
2200 577 2302 642 ov,
2336 577 2443 648 Ep.
2470 592 2536 628 cx
2550 577 2613 628 Ρ.
2638 592 2695 641 2,
2736 593 2791 645 9,
2810 575 2894 642 57.3

491 649 747 702 Excusso
773 652 1020 720 jaculum
1055 657 1295 718 torquere
1324 650 1543 702 lacerto.
1580 647 1795 700 Lucan.
1834 663 1884 708 1,
1922 648 2041 712 424.
2116 643 2366 715 Optimus
2406 663 2635 696 excusso
2676 641 2894 702 Leucus}

479 718 839 790 ,Rhemusque
870 722 1087 771 lacerto,
1127 719 1264 772 Seu,
1301 715 1373 769 de
1401 715 1602 772 Benef,
1642 733 1702 780 2,
1741 718 1787 770 6.
1826 713 2098 782 infinitum
2127 715 2373 772 interest,
2412 723 2592 763 utrum
2634 713 2754 761 tela
2804 727 2894 761 exe

491 807 642 840 cusso
673 790 874 840 lacerto
893 794 1262 856 torqueantur,
1301 804 1374 835 an
1409 785 1631 834 remissa
1648 801 1815 835 manu
1844 781 2082 850 effluant.
2134 803 2186 836 v.
2218 784 2410 854 Intpp.
2437 782 2509 836 ad
2537 783 2894 850 Pan-0295.

397 913 401 929 Ι
559 859 636 912 V.
663 857 750 922 45.
820 855 892 906 In
933 854 1172 925 pulvere]
1211 855 1248 908 i.
1282 872 1330 910 c.
1360 853 1416 906 in
1448 852 1637 907 stadio
1669 852 1759 906 vel
1791 869 1997 924 campo
2018 889 2035 916 ,
2088 853 2189 906 ubi
2220 871 2507 926 equorum
2544 868 2733 906 cursu
2763 849 2894 922 pul-5

483 925 572 981 vis
605 926 908 982 excitatur.
1117 933 1120 936 ’
2138 950 2142 954 -
2893 931 2894 942 ³

557 995 746 1062 V.46.
825 991 1182 1061 Torquentem
1229 989 1364 1060 etc.]
1432 987 1669 1060 Sequax
1698 1007 1863 1060 equus
1908 989 2185 1063 est,'qui
2225 989 2454 1042 frenum
2510 989 2792 1062 sequitur
2835 987 2894 1041 et{

481 1063 670 1118 facile
699 1063 759 1115 in
787 1077 1190 1134 quamcunque
1217 1070 1444 1131 partem
1464 1059 1729 1113 flectitur.
1764 1060 1871 1129 Ep.
1899 1077 1981 1129 19,
2022 1075 2101 1114 12.
2174 1055 2416 1108 Flectitis
2439 1061 2711 1127 autfreno
2747 1058 2886 1107 colla

486 1129 733 1202 *sequacis
773 1131 906 1200 equi.
949 1149 997 1180 v.
1047 1129 1245 1185 Heins.
1291 1127 1366 1182 ad
1401 1129 1459 1184 h.
1494 1129 1549 1184 1.·
1604 1127 1718 1183 Sed
1762 1145 1891 1180 cum
1940 1125 2183 1181 verbum
2254 1135 2497 1196 torquere
2550 1125 2894 1180 contumaci

489 1200 689 1272 potius
735 1217 920 1272 equo,
969 1216 1141 1270 quam
1172 1197 1438 1270 sequaci,
1494 1197 1834 1266 conveniat,
1870 1197 2078 1249 melius
2103 1195 2283 1249 fuerit
2310 1197 2507 1266 legere
2539 1214 2639 1246 ora
2685 1194 2894 1262 tenacis

491 1266 628 1339 equi.
682 1267 882 1324 Amor,
917 1267 982 1332 3,
1017 1271 1088 1334 4,
1141 1267 1220 1322 13.
1310 1265 1445 1316 Vidi
1486 1285 1582 1337 ego
1620 1282 1789 1336 nuper
1827 1283 2023 1335 equum
2055 1273 2243 1314 contra
2270 1282 2370 1314 sua
2402 1264 2576 1314 vincla
2612 1273 2883 1316 tenacem.

491 1337 588 1392 Sic
620 1336 888 1392 Oudend.
919 1353 950 1388 e
980 1335 1150 1390 MSS.
2893 1335 2894 1398 J

559 1407 634 1461 V.
663 1409 749 1472 47.
823 1403 1016 1474 Feror]
1086 1400 1244 1454 Ferri
1284 1404 1577 1466 dicuntur,
1613 1403 1715 1476 qui
1750 1401 1944 1456 Furiis
1991 1412 2091 1454 aut
2128 1398 2461 1474 gravissima
2504 1401 2723 1456 mentis
2760 1413 2894 1466 con-3

432 1475 438 1480 ”
491 1474 828 1530 turbatione
861 1473 1240 1546 inpelluntur.
1273 1475 1383 1546 Ep.
1418 1481 1502 1538 15,
1545 1477 1658 1539 140.
1730 1472 1873 1522 Illuc
1899 1469 2089 1521 mentis
2106 1467 2438 1538 inopsseror.
2472 1471 2576 1523 ubi
2604 1491 2659 1524 v.
2690 1471 2894 1524 Bur-m,3

561 1539 856 1612 Eleleides]
951 1543 1244 1604 Bacchae,
1321 1560 1473 1615 quae
1512 1543 1593 1594 sic
1630 1541 1903 1594 dicuntur
1948 1557 1979 1591 a
2014 1538 2223 1592 Bacchi
2271 1539 2613 1608 cognomine
2665 1535 2894 1588 Eleleus¹

491 1613 731 1668 Metam.
777 1617 844 1681 4,
907 1615 987 1668 15.
1075 1609 1453 1682 Nycteliusque
1502 1609 1823 1683 Eleleusque
1863 1626 2080 1679 parens.
2181 1607 2370 1680 Saepe
2413 1625 2557 1660 vero
2602 1607 2894 1662 mulieres,

489 1682 705 1736 amoris
735 1693 901 1738 aestu
931 1681 1197 1734 incensae
1226 1681 1463 1734 Bacchis
1493 1691 1920 1751 comparantur.
1954 1678 2125 1751 Prop.
2158 1677 2222 1740 3,
2258 1675 2309 1742 6,
2352 1678 2433 1742 14.
2506 1673 2615 1726 Seu
2647 1675 2895 1744 sequitur-³

491 1749 701 1804 medias
731 1749 962 1801 Maenas
991 1757 1050 1797 ut
1082 1751 1186 1799 icta
1215 1749 1343 1800 vias.
1383 1770 1433 1804 v.
1462 1749 1656 1802 Bentl.
1689 1747 1764 1800 ad
1793 1750 1938 1802 Hor.
1974 1745 2165 1798 Carm.
2203 1763 2258 1810 1,
2298 1745 2391 1810 25,
2428 1764 2481 1813 7.
2893 1783 2894 1788 ,

560 1815 742 1869 Furiis
787 1816 961 1887 actae]
997 1817 1032 1874 i.
1075 1836 1124 1872 e.
1164 1825 1437 1882 vexatae,
1487 1835 1515 1868 a
1559 1818 1750 1872 itatae.
1796 1819 1938 1870 Met.
1970 1815 2033 1879 5,
2091 1815 2171 1868 13.
2238 1810 2419 1932 'guae
2462 1821 2539 1876 te,
2592 1831 2894 1883 germane,

469 1887 751 1956 furentem
793 1886 948 1946 Mens
984 1886 1098 1956 agit
1129 1887 1189 1935 in
1213 1887 1461 1954 facinus.
1498 1835 1698 1941 &alen
1743 1888 1790 1939 F
1794 1886 1933 1938 lacc-
1964 1884 2033 1948 3,
2076 1884 2199 1954 393.
2303 1901 2363 1931 os
2391 1881 2550 1932 variis
2585 1901 2743 1932 mens
2771 1879 2894 1951 ipsa}

486 1955 664 2006 modis
691 1955 821 2026 agit.
838 1954 958 2008 ›ubi
989 1975 1042 2008 v.
1069 1957 1265 2009 Burm.
2510 1991 2528 2004 κ
2893 1973 2894 1980 ’

559 2026 632 2078 V.
669 2025 756 2090 48.
829 2021 944 2074 Sub
972 2023 1147 2073 Idaeo
1178 2023 1337 2093 colle]
1371 2025 1409 2078 i.
1440 2041 1490 2077 e.
1527 2024 1584 2076 in
1614 2022 1793 2076 Idaeo
1824 2023 1995 2077 colle.
2025 2022 2149 2074 Art.
2178 2020 2306 2074 Am.
2344 2038 2391 2085 1,
2410 2021 2529 2086 684.
2602 2017 2761 2070 Colle
2790 2018 2885 2068 sub

489 2091 664 2143 Idaeo
700 2092 902 2143 vincere
920 2092 1086 2164 digna
1114 2091 1266 2146 duas.
1301 2095 1445 2148 Met.
1479 2111 1525 2157 1,
1560 2093 1678 2164 689.
1714 2091 1987 2142 Arcadiae
2007 2089 2197 2162 gelidis
2223 2087 2321 2138 sub
2349 2089 2649 2149 montibus,
2689 2087 2894 2157 inquit,

489 2158 667 2212 Na'ias
699 2161 964 2229 unafuit.
1018 2161 1119 2214 ubi
1149 2182 1202 2218 v.
1229 2164 1426 2217 Burm.
1469 2160 1617 2216 Add.
1646 2161 1797 2214 Duk.
1826 2159 1902 2214 ad
1925 2160 2087 2214 Flor.
2126 2178 2185 2230 1,,
2229 2157 2309 2211 18.
2356 2176 2413 2228 p.
2452 2177 2595 2229 ¹7¹·¹

567 2227 707 2298 Tym
748 2248 859 2279 ana
901 2229 1136 2298 movent]
1199 2231 1475 2302 Intelligit
1520 2231 1722 2286 Gallos
1770 2229 2109 2282 sacerdotes
2159 2225 2439 2297 CybeleS,
2506 2217 2643 2298 qui,
2710 2241 2894 2300 sacro

492 2298 660 2372 quasi
717 2315 896 2354 urore
917 2299 1193 2369 correpti,
1232 2311 1503 2370 tympana
1529 2302 1587 2364 in
1610 2297 1713 2352 Ida
1730 2309 1924 2351 monte
1954 2297 2291 2370 pulsabant,
2327 2306 2391 2348 et
2420 2295 2531 2347 hoc
2560 2295 2685 2349 ritu
2700 2297 2894 2348 Deam}

493 2367 780 2420 colebant.
883 2367 962 2434 Ii,
1017 2365 1180 2438 quod
1215 2369 1449 2422 castrati
1495 2378 1555 2420 ct
1599 2367 1849 2420 semiviri
1886 2379 2117 2429 essent,
2166 2374 2367 2440 argute
2402 2364 2477 2416 ab
2516 2362 2727 2418 Ovidio
2768 2369 2894 2422 tan-3

530 2453 663 2490 uam
697 2435 947 2491 feminae
985 2434 1412 2490 describuntur.
1482 2435 1575 2490 Sic
1614 2436 1783 2488 etiam
1824 2455 1855 2488 a
1894 2435 2147 2488 Catullo.
2186 2433 2271 2499 62,
2314 2451 2371 2484 12
2409 2439 2529 2486 non
2569 2431 2742 2492 Galli,
2785 2430 2887 2485 sed

489 2454 705 2560 zallae·
730 2515 1036 2561 vocantur.
1071 2527 1124 2560 v.
1165 2504 1235 2559 de
1273 2506 1382 2559 hac
1417 2522 1483 2558 re
1523 2503 1903 2559 eruditissime
1942 2502 2329 2576 disputantem
2368 2501 2561 2557 Heins.
2602 2502 2676 2557 ad
2715 2503 2771 2554 11.
2815 2501 2853 2553 1.

508 2581 512 2586 “
559 2576 636 2628 V.
667 2576 750 2629 50.
823 2572 1060 2625 Numine
1095 2574 1396 2643 contactas]
1472 2573 1653 2644 Tangi
1689 2584 1745 2626 et
1780 2573 2018 2643 contingi
2088 2574 2288 2643 roprie
2317 2571 2592 2627 dicuntur
2626 2574 2687 2626 in
2722 2572 2885 2624 furo·

488 2662 612 2699 rem
651 2643 780 2697 acti,
813 2645 921 2713 Ep.
964 2644 1048 2707 15,
1091 2644 1206 2708 140.
1242 2652 1331 2702 ut,
1385 2662 1552 2723 quam
1567 2642 1799 2709 furialis
1835 2592 2097 2692 Erichthpc
2135 2640 2365 2711 Attigit..
2418 2641 2621 2701 Amor.
2658 2644 2713 2707 3,
2737 2661 2783 2703 1,
2800 2640 2894 2705 64³

491 2712 624 2763 Jam
659 2730 804 2761 nunc
839 2719 1084 2762 contacto
1121 2730 1352 2782 magnus
1387 2730 1443 2761 tn
1484 2728 1571 2761 ore
1608 2728 1789 2763 sonor.
1825 2710 1925 2764 ubi
1962 2728 2016 2764 V.
2057 2711 2252 2766 Heius·

559 2763 878 2848 Attonuere]
947 2779 1214 2830 Attonare
1251 2790 1338 2833 est
1372 2779 1553 2852 veluti
1591 2778 1815 2833 tonitru
1852 2792 1944 2833 stu
1992 2780 2258 2838 efacere.
2295 2778 2450 2833 unde
2486 2775 2894 2849 frequentissi-¹

489 2867 646 2904 mum
680 2849 1053 2921 participium
1089 2849 1362 2900 attonitus.
1400 2850 1640 2903 Metam.
1676 2849 1726 2908 3,
1765 2848 1883 2905 531.
1924 2797 2059 2917 guis
2075 2849 2275 2917 furor,
2312 2844 2669 2918 anguigenue,
2704 2846 2894 2915 proles*

491 2914 800 2978 Mavortia,
853 2927 1053 2968 vestras
1087 2915 1341 2967 Attonuit
1376 2916 1617 2968 mentes?
1651 2916 1753 2971 ubi
1788 2936 1841 2970 v.
1879 2918 2077 2970 HeinS.
2893 2938 2894 2941 ’

557 2988 638 3040 V.
678 2987 761 3042 51.
836 2986 972 3037 Cum
1008 3004 1061 3036 se
1075 2987 1251 3055 furor
1283 2986 1374 3037 ille
1410 2984 1636 3055 remisit]
1706 2985 1805 3049 Le.
1828 3003 1957 3039 cum
1977 2986 2151 3041 furor
2170 2983 2355 3048 desiit,
2396 2982 2657 3038 cessavit.
2696 2982 2894 3054 Saepe

490 3055 641 3109 enim
678 3054 936 3105 remittere
986 3054 1043 3109 in
1095 3056 1202 3107 hac
1253 3054 1446 3109 forma
1492 3056 1615 3108 sine
1651 3072 1790 3107 casu
1834 3056 2095 3126 ponitur.
2169 3054 2276 3125 Ep.
2335 3071 2425 3134 19,
2475 3053 2557 3106 23.
2628 3050 2753 3100 Aut
2798 3050 2894 3101 ubi

489 3123 1024 3245 sci'evitiasspaullussn
1057 3124 1240 3194 gravis
1273 3124 1423 3173 unda
1458 3123 1679 3179 remisit.
1748 3124 1870 3177 Liv.
1911 3141 1961 3190 2,
1998 3127 2087 3191 34.
2122 3120 2218 3173 ubi
2244 3120 2549 3194 pestilentia
2576 3119 2883 3187 remisisset.

487 3212 528 3247 11
575 3193 677 3246 iv.
767 3194 951 3245 rahen
1001 3232 1013 3245 .
1467 3191 1473 3195 ’
2097 3227 2101 3231 -

485 3313 491 3316 ,
557 3262 634 3315 V.
671 3263 756 3317 53.
829 3258 1052 3311 Generis
1078 3260 1239 3330 sato]
1310 3261 1533 3322 Venus,
1568 3260 1718 3316 irata
1756 3260 1917 3327 Soli,
1972 3260 2126 3333 quod
2176 3278 2237 3315 se
2283 3258 2463 3313 Marti
2515 3258 2894 3328 conjunctam:

425 3350 430 3359 “
490 3328 878 3403 prodidisset,
939 3347 1164 3383 omnem
1201 3330 1322 3399 ejus
1359 3329 1627 3383 sobolem
1664 3329 1980 3384 inhonestis
2016 3329 2313 3383 amoribus
2350 3327 2616 3396 subjecit.
2685 3348 2737 3382 v.
2775 3328 2894 3395 Hy-'

491 3400 606 3473 gin.
661 3397 806 3453 Fab.
841 3399 952 3463 148.
1041 3400 1204 3453 Serv.
1241 3398 1333 3455 ad.
1367 3398 1688 3470 Virg.hEcl.
1724 3400 1776 3464 6,
1812 3401 1899 3469 47.
1938 3411 1996 3453 ct
2016 3400 2277 3471 Interpp.
2320 3396 2395 3451 ad
2428 3398 2486 3451 h.
2508 3397 2547 3449 1.

561 3468 647 3538 ν’.
671 3468 756 3522 56.
826 3464 1066 3535 Dilexit]
1137 3467 1257 3521 Jer.
1293 3465 1623 3535 Markland.
1662 3466 1734 3521 ad
1772 3466 1916 3522 Stat.
1954 3468 2103 3537 Sylv.
2144 3485 2165 3520 1
2189 3506 2205 3532 ,
2246 3488 2313 3533 3,,
2368 3484 2420 3537 9.
2470 3466 2558 3519 ele
2600 3464 2719 3518 anti
2760 3479 2894 3515 con-¹

489 3538 713 3605 iectura
751 3535 1022 3591 emendat
1055 3536 1252 3586 delusit
1287 3537 1379 3591 vel
1419 3536 1591 3599 elusit,
1630 3548 1699 3591 ut
1732 3537 1970 3590 Metam.
2008 3537 2063 3601 6,
2107 3537 2222 3592 103.
2258 3533 2508 3585 Maeonis
2543 3552 2569 3584 e
2594 3552 2755 3583 usam
2796 3530 2885 3581 de-

453 3604 456 3607 ’
488 3606 670 3677 signat
703 3604 938 3675 imagine
975 3604 1118 3655 tauri
1152 3604 1430 3677 Europen.
1502 3604 1693 3658 Etiam
1730 3605 1973 3677 simplex
2018 3604 2201 3655 ludere
2241 3605 2530 3676 *frequens
2579 3604 2639 3656 in
2673 3602 2783 3655 hac
2820 3617 2884 3653 re

491 3692 586 3797 ag.
625 3672 795 3729 Ovid.
829 3672 955 3729 Art.
997 3675 1122 3727 Am·
1163 3692 1212 3743 1,
1250 3692 1335 3746 9¹·
1404 3673 1534 3725 Illic
1568 3672 1841 3734 invenies,
1878 3672 2028 3743 quod
2057 3690 2237 3734 ames,
2294 3672 2442 3743 quod
2474 3671 2658 3722 ludere
2689 3670 2894 3742 possis.

489 3762 532 3797 u
574 3743 594 3795 i
627 3762 680 3799 v.
718 3742 853 3814 Intp
901 3778 914 3791 ·

517 3811 770 3933 &257ss
890 3812 1092 3883 ecepto]
1149 3810 1476 3867 Markland.
1530 3810 1793 3869 adstat.
1842 3810 1997 3883 Sylv.
2035 3828 2097 3877 2,
2153 3830 2199 3877 1,
2234 3831 2321 3884 97.
2392 3811 2547 3883 capit
2582 3827 2693 3884 pro
2730 3808 2894 3863 deci-¹

532 3890 688 3937 lenta.
771 3891 983 3935 rustra.

483 3898 526 3955 P
558 3950 634 4005 V.
673 3949 756 4005 58.
829 3946 1004 4017 Onus]
1039 3948 1335 4007 Sexcentis
1369 3948 1517 4013 locis
1556 3948 1770 4003 dicitur
1804 3948 2021 4016 foetus,
2062 3968 2235 4022 quem
2258 3960 2445 4005 mater
2462 3958 2637 4003 utero
2718 3957 2883 4001 estat·

449 4027 454 4033 '
487 4018 598 4090 Ep.
631 4020 686 4083 6,
725 4034 840 4070 120.
877 4016 1054 4069 Dulce
1091 4018 1225 4068 mihi
1259 4016 1517 4088 gravidae
1534 4018 1753 4086 jecerat
1787 4027 1977 4068 auctor
2013 4036 2165 4071 onus.
2202 4019 2310 4091 Ep.
2333 4038 2407 4071 ·11
2430 4055 2447 4082 ,
2498 4019 2582 4084 64.
2666 3963 2750 4067 Ξῖ
2786 4034 2882 4085 po·

488 4086 650 4135 situm
687 4094 764 4137 est
797 4086 934 4137 uteri
968 4088 1166 4137 crimen
1203 4098 1440 4155 onusque
1477 4087 1601 4139 mei.
1666 4108 1721 4141 v.
1762 4087 1961 4141 Heius.
1997 4086 2073 4139 ad
2108 4088 2263 4140 Fast.
2300 4088 2355 4152 3,
2402 4090 2520 4152 718.
2576 4098 2634 4139 et
2677 4087 2877 4156 Intpp.

491 4152 845 4235 agi-Phaedr.
885 4174 935 4221 1,
977 4157 1056 4221 18,
1095 4156 1144 4213 5.
1209 4156 1264 4219 3,
1305 4156 1388 4221 15,
1425 4156 1476 4210 5.
1550 4155 1761 4206 Crimen
1798 4173 2184 4227 onusqueper
2225 4156 2467 4227 figuram
2503 4154 2560 4205 ἓν
2598 4153 2688 4205 διὰ
2728 4154 2894 4205 δυοῖν

491 4220 699 4275 dicitur
735 4229 883 4277 onu's
921 4223 1310 4279 criminosum.

482 4360 486 4365 .
557 4291 634 4345 V.
671 4291 755 4344 60.
827 4288 993 4364 Fugit
1024 4292 1184 4362 tecta]
1255 4290 1384 4345 Viri
1414 4290 1572 4345 docti
1603 4290 1677 4345 ad
1714 4294 1823 4347 h.l.
1856 4302 2089 4345 movent
2111 4310 2227 4345 non
2252 4290 2560 4345 movenda.
2599 4290 2772 4363 Fugit
2798 4304 2884 4347 est

492 4358 722 4430 effugit,
759 4370 828 4413 ut
864 4362 1102 4417 centies.
1172 4362 1310 4417 Met.
1345 4379 1414 4432 9,
1466 4361 1587 4417 632.
1618 4363 1862 4431 patriam
1878 4360 2037 4430 fugit
2083 4360 2191 4421 ille,
2228 4362 2505 4430 nefasque.
2578 4360 2790 4415 Horat.
2833 4380 2879 4415 2.

491 4428 678 4485 Serui.
700 4428 755 4495 5,
805 4432 888 4485 25.
961 4427 1026 4480 Si
1061 4433 1209 4555 oqser
1259 4448 1397 4481 unus
1432 4438 1482 4480 et
1531 4430 1668 4480 alter
1716 4431 2104 4483 Insidiatorem
2149 4447 2408 4511 praeroso
2440 4430 2658 4501 fugerit
2694 4428 2878 4485 hamo.

493 4495 659 4549 Tecta
695 4514 860 4551 curva
894 4512 1065 4555 vocat
1123 4498 1490 4579 abyrinthum
1524 4510 1777 4573 propter
1811 4498 2079 4571 ambages
2117 4515 2353 4553 viarum·

2276 4624 2301 4637 a
